1721 2633
753 101 996 133 -.26—

256 198 302 233 ab
329 207 397 233 uno
424 199 575 232 auctore
603 199 757 241 accepta
783 197 973 243 segregari
990 207 1061 233 non
1087 197 1241 243 possint.
1286 198 1377 235 Oum
1402 207 1489 236 vero

254 256 474 293 Aristotelis
500 255 807 301 Amphinomique
834 256 1060 293 auctoritate
1087 257 1184 293 haud
1211 258 1385 304 neglecta
1409 268 1491 304 pag.

256 318 387 359 202,12
423 314 599 351 Geminus
633 315 711 360 ipse
746 318 974 360 arcessatur,
1014 326 1093 351 meo
1128 315 1205 351 iure
1246 326 1492 361 quaecumque

254 385 360 420 pagg.
380 377 461 421 200,
474 378 644 417 22-202,
658 379 696 408 25
723 374 767 410 de
786 374 987 420 geometria
1005 374 1194 420 disputata
1213 378 1310 420 sunt,
1337 375 1376 412 in
1393 375 1492 412 illius

254 434 385 469 librum
411 434 545 479 relego.

351 493 645 538 Propositionum
663 495 786 529 autem
804 492 998 529 discrimen
1012 493 1117 530 modo
1134 495 1361 539 perspectum
1380 494 1492 530 tertio

253 553 332 588 loco
363 564 471 598 pagg.
506 555 560 596 77,
573 556 752 596 7—81,22
787 563 810 588 a
840 553 973 588 Proclo
1006 553 1247 598 disceptatur,
1285 563 1389 597 quem
1421 564 1492 589 non

253 611 370 652 huius,
398 611 463 647 sed
487 610 632 647 Gemini
659 611 805 656 ingenio
833 611 956 647 deberi
982 612 1020 647 iu
1047 622 1089 648 eo
1117 615 1188 654 est,
1215 614 1256 648 ut
1283 613 1491 657 comprobe-

253 680 348 706 mus:
384 670 547 715 profecto
580 670 674 706 enim
707 681 776 706 non
815 671 928 706 solum
959 671 1019 708 vel
1054 671 1170 716 prima
1201 672 1316 708 verba
1350 670 1391 705 τὰ
1424 669 1492 706 ἀπὸ

254 731 325 763 τῶν
344 729 486 772 ἀρχῶν
504 729 604 776 (pag.
627 733 681 774 77,
694 732 737 774 7),
763 730 892 774 quibus
911 732 1102 774 utrumque
1122 741 1236 776 genus
1255 731 1492 776 significetur,

252 788 348 824 illius
383 789 469 825 stilo
506 788 645 834 scripta
681 792 782 835 sunt,
821 789 886 825 sed
921 789 1032 825 etiam
1067 789 1192 826 eodem
1226 790 1347 831 modo,
1388 799 1492 834 quem

252 858 334 893 pag.
366 851 555 894 201,9-15
590 848 814 894 cognoveris,
840 848 1075 893 problematis
1102 851 1134 882 αἱ
1159 850 1302 891 γενέσεις
1333 851 1370 884 et
1402 845 1493 889 ὅλως

254 906 294 940 τὰ
319 907 506 950 παθήματα
534 906 632 954 (pag.
675 908 862 953 77,8-10),
899 907 1136 943 theorematis
1163 907 1492 944 demonstrationes

251 967 518 1011 proprietatum
556 967 653 1013 (pag.
685 970 787 1012 77,11
809 966 841 1012 s)
878 967 1096 1012 tribuuntur,
1132 977 1204 1011 qua
1235 967 1272 1003 in
1303 977 1343 1002 re
1376 967 1493 1003 multa

253 1035 333 1060 eam
353 1026 546 1062 universae
566 1025 791 1071 geometriae
810 1025 1055 1061 definitionem
1073 1028 1366 1071 repraesentant,
1385 1036 1491 1069 quam

253 1086 299 1121 ab
336 1096 405 1121 uno
442 1085 596 1122 Gemino
635 1085 751 1122 variis
791 1085 920 1123 rivulis
956 1086 1003 1122 ad
1041 1096 1108 1122 nos
1149 1085 1343 1122 defluxisse
1383 1096 1493 1131 supra

253 1148 351 1190 (pag.
390 1147 407 1178 7
434 1144 486 1190 ss)
526 1145 868 1181 demonstravimus.
932 1146 1023 1181 Tum
1061 1145 1236 1182 Geminus
1272 1156 1355 1191 pag.
1387 1149 1492 1187 77,15

252 1206 418 1240 veterum
444 1204 798 1250 mathematicorum,
827 1204 887 1249 qui
905 1205 1143 1241 uno-nomine
1170 1208 1360 1250 utrumque
1379 1215 1492 1251 genus

254 1263 523 1308 significabant,
552 1264 763 1299 sententias
791 1264 986 1309 examinat,
1013 1264 1098 1308 quia
1123 1264 1161 1299 in
1183 1264 1370 1309 principiis
1396 1266 1491 1299 trac-

252 1322 376 1357 tandis
394 1332 480 1367 pag.
504 1325 582 1367 181,
594 1327 713 1356 16—24
738 1322 971 1359 indicaverat
990 1323 1025 1358 in
1044 1323 1274 1367 problemata
1293 1325 1332 1358 et
1350 1323 1491 1358 theore-

252 1384 354 1417 mata
380 1381 477 1417 idem
504 1382 635 1418 cadere
668 1384 779 1426 atque
806 1381 844 1418 in
869 1381 1059 1427 principia,
1093 1381 1236 1418 scilicet
1262 1392 1284 1418 a
1311 1381 1492 1418 nonnullis

253 1451 497 1484 quaecumque
532 1441 747 1485 inquirenda
782 1444 867 1476 sunt
900 1441 958 1485 (τὰ
992 1440 1211 1485 ζητούμενα),
1254 1441 1491 1486 problemata,

253 1500 299 1535 ab
319 1499 404 1535 aliis
431 1499 562 1545 omnia,
591 1499 718 1544 quibus
738 1499 1049 1535 demonstratione
1069 1509 1157 1544 opus
1176 1501 1244 1544 est,
1262 1499 1493 1535 theoremata

253 1559 442 1604 appellata
469 1569 550 1595 esse
577 1558 637 1606 (cf.
661 1570 741 1604 pag.
766 1562 844 1603 181,
860 1564 896 1592 17
923 1562 961 1594 et
985 1560 1049 1603 22).
1093 1559 1226 1603 Itaque
1253 1561 1292 1594 et
1318 1559 1362 1594 de
1381 1558 1491 1603 Speu-

254 1618 356 1663 sippo
382 1617 695 1663 Amphinomoque
729 1620 767 1654 et
793 1618 837 1654 de
863 1618 1098 1654 Menaechmo
1132 1628 1196 1654 suo
1223 1617 1300 1654 iure
1332 1617 1369 1653 id
1395 1617 1492 1653 affir-

253 1688 352 1713 mare
385 1677 514 1722 potuit,
549 1678 643 1721 quod
675 1677 829 1723 legimus
861 1677 898 1713 in
924 1678 1199 1713 Elementorum
1232 1677 1492 1713 commentario

253 1747 335 1781 pag.
367 1740 497 1781 181,23
521 1747 538 1772 s
564 1736 652 1770 κατὰ
678 1736 742 1779 τὴν
768 1735 879 1779 αὐτὴν
905 1736 970 1779 γὰρ
998 1735 1046 1777 ὠς
1072 1736 1181 1770 ἔοικεν
1207 1734 1397 1778 ἀναλογίαν
1424 1734 1494 1770 ἀπὸ

254 1797 327 1829 τῶν
362 1797 460 1830 ἰδίων
495 1796 549 1829 ἐπὶ
583 1795 626 1829 τὰ
652 1794 751 1830 κοινὰ
776 1794 1048 1839 μεταβεβήκασιν
1075 1794 1241 1836 ὀνόματα.

354 1853 445 1890 Cum
472 1857 596 1891 autem
623 1865 703 1900 pag.
735 1857 841 1895 78,13
870 1864 907 1889 ss
932 1854 1027 1905 hanc
1054 1853 1393 1890 mathematicorum
1421 1853 1493 1889 dis-

258 1914 484 1959 crepantiam
503 1914 720 1950 dijudicaret
738 1917 849 1959 atque
872 1917 1045 1959 utrosque
1064 1914 1188 1958 aliqua
1207 1924 1252 1950 ex
1268 1916 1374 1959 parte
1393 1916 1493 1950 recte

255 1974 472 2010 disseruisse
512 1974 739 2018 ostenderet,
779 1973 1015 2019 geometriam
1056 1984 1078 2009 a
1117 1973 1327 2009 mechanica
1367 1973 1493 2009 eodem

254 2033 357 2068 modo
394 2033 572 2078 distinxit,
608 2043 675 2077 quo
712 2043 791 2068 eum
828 2033 974 2069 solitum
1010 2043 1091 2069 esse
1126 2033 1221 2078 apud
1255 2032 1373 2069 Procl.
1407 2043 1492 2077 pag.

255 2096 379 2138 38,4s
420 2093 668 2138 cognovimus3
708 2093 882 2128 videlicet
916 2092 1020 2128 huius
1056 2092 1151 2128 artis
1184 2093 1412 2138 problemata
1447 2091 1495 2127 ad

254 2162 314 2188 res
340 2151 534 2188 sensibiles
561 2150 737 2199 (αἰσθητὰ)
763 2152 960 2196 pertinere,
989 2161 1069 2187 cum
1094 2155 1300 2197 geometres
1323 2151 1361 2187 in
1386 2151 1494 2186 rebus

255 2210 553 2256 intellegibilibus
581 2209 705 2258 (νοητὰ
730 2221 811 2256 pag.
842 2212 1042 2255 78,16—20)
1068 2213 1246 2247 versetur.

353 2269 524 2315 Denique
557 2270 685 2308 variae
719 2270 923 2315 passiones,
965 2269 1063 2305 inter
1097 2280 1187 2314 quas
1221 2271 1339 2311 τομαὶ,
1375 2269 1491 2310 θέσεις,
