1721 2633
700 100 935 131 *41-

484 194 505 242 ξ
532 198 563 230 2.
593 195 653 231 De
679 195 861 241 reliquis
887 194 1159 241 fragmentis.

302 253 376 290 Hic
406 257 560 299 quaerat
590 255 777 301 quispiam,
808 265 892 291 num
921 254 1061 299 reliqua
1092 254 1306 300 fragmenta,
1339 264 1434 299 quae

204 314 427 357 excerpendo
444 313 639 350 Anatolius
658 313 928 349 Alexandrinus
953 314 999 349 ab
1017 313 1197 350 oblivione
1219 313 1432 356 vindicavit,

204 382 282 408 cum
307 372 376 408 hac
402 373 557 418 ratione,
584 383 691 417 quam
717 373 821 409 modo
840 373 1074 414 excussimus,
1103 372 1320 417 discrepent.
1366 372 1434 408 Oui

203 431 442 476 respondeas,
482 432 646 476 quamvis
680 432 836 477 plurima
874 432 1042 468 breviora
1082 432 1143 469 vel
1182 431 1433 476 epitomatoris

204 490 309 535 culpa
330 490 437 527 nimis
456 491 650 526 decurtata
669 491 754 535 sint,
781 500 887 535 quam
905 493 945 526 ut
964 491 1054 526 certi
1072 491 1210 535 aliquid
1236 491 1288 526 eis
1307 490 1432 525 diiudi-

203 549 281 585 cari
310 549 442 596 possit,
473 552 598 585 tamen
628 550 806 594 quaedam
836 550 874 585 in
904 560 979 586 var.
1008 550 1084 586 coll.
1112 561 1188 595 cap.
1215 550 1315 588 XIV
1346 549 1433 586 stoi-

205 619 323 644 corum
352 609 553 645 doctrinam
581 619 718 654 sapere.
770 609 916 645 Etenim
941 609 979 644 hi
1004 610 1207 654 philosophi
1235 619 1315 644 eam
1342 619 1434 652 quae

205 671 262 705 est
289 668 333 705 de
355 679 474 705 rerum
497 671 632 706 natura
658 669 884 715 disciplinam
911 667 965 712 (τὸ
982 667 1129 712 φυσικὸν
1151 669 1268 716 μέρος)
1295 669 1333 704 in
1357 671 1434 704 tres

204 731 330 773 partes
357 729 579 774 dividebant,
613 729 754 764 scilicet
780 731 826 769 εἰς
851 728 912 763 τόν
938 742 973 763 τε
1005 732 1082 773 περὶ
1116 729 1248 769 κόσμου
1283 731 1338 762 καὶ
1373 727 1434 762 τὸν

207 790 283 831 περὶ
309 791 380 821 τῶν
406 791 583 829 στοιχείων
608 790 664 822 καὶ
681 791 801 831 τρίτον
822 787 885 822 τὸν
902 787 1134 830 αἰτιολογικὸν
1160 787 1309 832 (τόπον),
1334 789 1375 822 ut
1392 787 1433 822 L.

202 847 310 892 Diog.
321 847 345 883 1.
356 846 435 884 VII
444 850 528 883 c.67
549 846 570 894 ξ
593 850 659 882 132
675 849 847 884 testatur.
875 846 1035 893 Quarum
1057 847 1094 883 in
1113 847 1228 892 prima
1242 857 1367 883 rursus
1378 857 1433 891 ea,

153 922 156 924 >
204 916 295 950 quae
309 906 657 951 mathematicorum,
678 907 724 942 ab
739 917 793 952 ea,
811 916 904 950 quae
918 909 975 942 est
990 906 1220 951 physicorum
1234 905 1432 950 provincia,

204 964 313 1000 certis
334 964 498 1000 terminis
526 966 807 1011 segregabatur3
839 965 881 1001 cf.
901 965 989 1001 ibid.
1011 967 1030 1008 ξ
1049 968 1132 1000 132:
1157 968 1216 1009 μιᾷ
1234 962 1300 1007 γὰρ
1319 964 1434 1005 σκέψει

206 1024 441 1058 ἐπικοινωνεῖν
459 1022 569 1058 αὐτοῦ
593 1024 630 1070 (1.
652 1034 680 1060 e.
699 1025 763 1058 τοῦ
785 1026 859 1068 περὶ
877 1023 1011 1065 κόσμου
1029 1023 1152 1068 τόπου)
1177 1026 1231 1057 καὶ
1258 1021 1339 1063 τοὺς
1365 1021 1433 1056 ἀπὸ

203 1087 277 1117 τῶν
302 1082 528 1126 μαθημάτων,
558 1086 596 1119 et
619 1082 639 1130 ξ
660 1086 747 1118 133:
765 1083 883 1127 ἑτέραν
909 1084 938 1117 δ’
965 1083 1073 1117 αὐτοῦ
1096 1084 1217 1125 σκέψιν
1242 1082 1337 1123 εἶναι,
1364 1080 1435 1125 ἥτις

202 1141 351 1184 μόνοις
375 1150 450 1183 τοῖς
474 1150 631 1185 φυσικοῖς
656 1143 833 1184 ἐπιβάλλει.
882 1141 1107 1188 Quamquam
1132 1141 1245 1188 igitur
1270 1141 1433 1186 utrisque

202 1201 292 1238 viris
324 1201 442 1236 doctis
470 1201 595 1236 eadem
621 1201 793 1247 materies
819 1201 1006 1245 proposita
1033 1205 1099 1242 est,
1127 1204 1251 1236 tamen
1277 1200 1431 1244 ratione,

204 1270 273 1303 qua
299 1262 461 1300 utuntur,
489 1262 528 1294 et
545 1259 626 1304 fine,
658 1269 725 1303 quo
749 1259 913 1300 tendunt,
941 1259 1048 1304 plane
1073 1259 1171 1294 inter
1187 1269 1226 1294 se
1254 1258 1432 1294 differunt.

204 1318 321 1355 Simili
346 1318 449 1354 modo
469 1318 654 1364 Geminus,
683 1318 813 1363 quippe
839 1318 900 1362 qui
917 1317 1168 1354 mathematici
1185 1328 1331 1354 munere
1358 1328 1433 1354 sus-

206 1381 309 1423 cepto
329 1378 486 1423 opticam
505 1381 655 1422 tractet,
683 1377 912 1423 physicorum
932 1378 1132 1413 studiosum
1157 1378 1264 1422 longe
1283 1388 1304 1412 a
1324 1387 1433 1421 quae-

205 1437 323 1473 stione
337 1437 482 1482 repellit
494 1439 602 1481 atque
616 1437 716 1472 illam
727 1438 844 1472 artem
858 1447 903 1472 ex
915 1447 988 1472 una
1001 1436 1262 1472 mathematica
1275 1437 1433 1481 pendere

204 1499 242 1532 et
265 1497 360 1541 apud
378 1496 548 1532 Proclum
574 1507 656 1542 pag.
683 1501 740 1541 40,
756 1501 870 1530 10—12
896 1498 934 1532 et
959 1496 996 1532 in
1022 1496 1135 1532 variis
1162 1495 1433 1532 collectionibus

202 1555 375 1600 ostendit,
402 1556 464 1591 ubi
486 1556 599 1591 verba
619 1557 703 1590 sunt
725 1556 833 1590 haec:
861 1553 942 1588 οὔτε
959 1553 1194 1597 φυσιολογεῖὴ
1214 1553 1334 1597 ὀπτικὴ
1354 1553 1432 1588 οὔτε

203 1616 297 1658 ζητεῖ
329 1641 337 1648 .
365 1641 372 1648 .
398 1641 405 1648 .
444 1614 534 1661 (scil,
567 1613 753 1649 naturales
784 1613 930 1649 videndi
962 1613 1233 1658 explicationes,
1269 1613 1315 1648 cf.
1351 1624 1433 1658 pag.

204 1677 313 1719 250,6
336 1675 387 1718 ss)
419 1676 457 1709 et
482 1673 594 1714 μόνον
619 1674 656 1707 δὲ
679 1680 824 1706 σκοπεῖ.
846 1701 852 1707 .
873 1701 882 1710 .
910 1672 998 1714 (scil.
1016 1672 1117 1718 leges
1141 1672 1433 1717 mathematicas,

203 1732 247 1768 cf.
281 1742 365 1777 pag.
398 1736 529 1777 250‚11
558 1733 632 1776 ss.).
683 1731 815 1776 Itaque
848 1731 1020 1775 quomodo
1052 1731 1257 1776 philosophi
1288 1731 1434 1767 videndi

203 1791 447 1828 condicionem
457 1790 640 1827 mentibus
651 1790 719 1826 sibi
729 1789 977 1831 informarent,
989 1790 1107 1826 obiter
1119 1793 1262 1826 tantum
1274 1790 1434 1836 strinxit,

202 1861 415 1895 quamquam
452 1850 646 1886 stoicorum
686 1850 961 1894 explicationem
995 1860 1221 1894 nequaquam
1256 1850 1433 1895 neglexit;

203 1910 309 1945 immo
344 1909 437 1945 hanc
472 1908 687 1945 facultatem
722 1909 848 1944 eadem
883 1908 1027 1944 ratione
1062 1911 1173 1953 atque
1211 1908 1334 1944 verbis
1373 1909 1435 1942 εἴτε

185 1971 504 2003 ,συνεκτείνεται
534 1966 555 2012 ἢ
585 1970 803 2012 συστρέφεται
838 1967 857 2002 ὃ
883 1966 1009 2010 μεταξὺ
1044 1966 1109 2011 ἀὴρ
1144 1970 1193 2013 τῷ
1227 1970 1286 2011 τῆς
1321 1966 1435 2011 ὄψεως

203 2027 373 2070 αὐγοειὸεῖ
393 2026 560 2068 πνεύματι
578 2027 675 2075 (pag.
695 2029 775 2067 250,
791 2031 825 2060 10
840 2037 856 2062 s
871 2027 947 2071 Hu)
966 2037 989 2062 a
1003 2026 1202 2072 Chrysippo
1229 2029 1267 2062 et
1283 2027 1433 2071 Apollo-

203 2088 298 2131 doro,
314 2086 455 2124 stoicae
469 2089 595 2123 sectae
608 2086 839 2132 philosophis,
856 2086 1091 2131 explanatam
1105 2097 1185 2122 esse
1195 2087 1237 2122 L.
1249 2087 1433 2133 Diogenes

201 2147 224 2182 l.
244 2147 323 2184 VII
350 2157 379 2182 c.
402 2149 447 2180 84
466 2148 487 2190 ξ
509 2148 575 2180 157
603 2147 658 2182 his
686 2146 809 2183 verbis
835 2143 1013 2182 testatur:
1044 2144 1130 2190 ὁρᾶν
1157 2148 1193 2180 δὲ
1219 2148 1283 2180 τοῦ
1307 2145 1430 2188 aava&

204 2208 262 2249 τῆς
287 2204 440 2250 ὁράσεως
464 2208 518 2239 καὶ
549 2207 614 2239 τοῦ
640 2204 863 2247 ὑποκειμένου
894 2204 1012 2248 φωτὸς
1042 2205 1131 2248 (scil.
1151 2203 1284 2249 ἀέρος)
1310 2206 1432 2239 ἐντει-

203 2266 387 2307 νομένου
420 2265 614 2308 κωνοειδῶς
648 2268 721 2301 κτλ.
773 2264 902 2310 Neque
937 2267 1062 2301 tamen
1096 2264 1154 2302 cui
1190 2264 1434 2313 adstipulatus
