1721 2633
746 101 988 134 „61-

381 192 472 235 Her.
492 197 560 234 def.
581 208 657 244 cap.
679 202 710 235 5.

251 260 286 304 5)
314 262 386 293 τῶν
402 257 561 303 περάτων
582 257 763 300 μενόντων
779 260 835 293 καὶ

249 316 335 352 αὐτὶ
360 319 519 360 μένουσα,

893 197 1013 233 Procl.
1033 206 1142 243 pagg.
1167 200 1245 243 109,
1257 199 1418 243 21—110,
1433 201 1480 232 26.

897 255 932 305 7)
958 255 979 301 ἡ
1005 258 1077 292 τῶν
1110 256 1271 301 περάτων
1300 255 1481 299 μενόντων

894 318 949 350 καὶ
974 315 1058 361 αὐτὴ
1083 317 1243 359 μένουσα,

251 376 288 426 6)
314 376 391 413 οἷον
420 378 457 414 ἐν
487 381 539 425 τῷ
564 375 660 425 αὐτῷ
684 377 834 424 ἐπιπέδῳ

248 439 459 482 στρεφομένη
492 440 547 472 καὶ
573 440 649 482 περὶ
680 436 722 471 τὰ
747 435 835 471 αὐτὰ

246 497 376 541 πέρατα
414 495 476 531 τὸν
506 494 614 531 αὐτὸν
648 494 697 530 ἀεὶ
721 494 835 530 τόπον

247 555 384 598 ἔχουσα,

249 616 283 659 7)
309 613 387 649 οὔτε
421 618 480 656 μία
514 612 631 648 εὐθεῖα
663 611 742 648 οὔτε
767 613 832 648 δύο
894 615 928 658 8)
956 612 976 657 ἡ
1000 613 1084 655 μετὰ
1110 615 1168 658 τῆς
1194 613 1376 655 ὁμοειδοῦς
1399 615 1478 655 μιᾶς

246 678 357 717 σχῆμα
383 677 548 708 τελοῦσιν.
892 677 1003 716 σχῆμα
1027 672 1072 716 μὴ
1098 671 1324 708 ἀποτελοῦσα.

344 752 461 790 Simili
496 752 600 789 modo
635 754 747 797 caput
772 750 922 788 tertium
955 751 1052 798 (pag.
1080 755 1099 787 8
1126 752 1219 799 Hu.)
1247 761 1328 787 cum
1353 750 1477 788 Procli

244 812 334 849 locis
360 823 470 858 pagg.
497 816 553 858 96,
567 816 603 845 1⁷
621 822 672 857 ss3
709 813 872 857 97,6-8;
903 813 982 857 100,
992 815 1088 845 5-19
1115 811 1316 857 comparari
1340 813 1473 856 potest.

347 871 462 907 Porro
479 870 518 906 in
544 870 609 906 illa
635 869 848 906 collectione
872 880 932 905 res
954 871 1195 916 geometricae
1221 870 1370 906 definita
1388 881 1475 914 qua-

246 930 329 966 dam
360 929 501 966 ratione
534 940 577 966 ac
608 930 680 971 via,
717 939 811 974 quae
842 931 900 965 est
931 928 1077 966 Gemini
1108 930 1268 975 propria,
1304 929 1474 966 distribu-

243 991 352 1025 untur
372 991 410 1025 et
432 989 679 1034 disponuntur,
703 988 866 1033 quamvis
889 989 1060 1025 materies
1079 989 1203 1025 eodem
1226 989 1350 1025 ordine
1377 992 1474 1025 trac-

242 1050 324 1084 tata
350 1058 459 1093 saepe
477 1058 557 1098 cum
584 1047 761 1084 similibus
780 1047 925 1084 Gemini
949 1048 1039 1084 locis
1065 1048 1228 1093 componi
1252 1059 1325 1084 11011
1347 1048 1473 1093 possit.

243 1107 317 1144 Sed
342 1107 516 1152 quomodo
542 1108 636 1143 hanc
663 1107 935 1153 congruentiam
962 1107 1210 1153 explicandam
1235 1118 1316 1144 esse
1342 1106 1474 1153 putes?

322 1177 439 1214 Procl.
456 1188 538 1223 pag.
563 1180 668 1223 111,1
697 1188 744 1213 ss.
976 1177 1114 1213 Heron.
1134 1175 1203 1212 def.
1220 1187 1303 1222 pag.
1324 1178 1380 1211 23.

241 1239 361 1281 διαιρεῖ
398 1237 427 1271 δ’
459 1235 504 1271 αὖ
533 1235 596 1280 τὴν
622 1236 781 1281 γραμμὴν
806 1235 826 1271 ὁ
886 1238 957 1271 τῶν
982 1237 1019 1271 ἐν
1037 1244 1108 1278 τοῖς
1133 1244 1280 1280 στερεοῖς
1305 1234 1473 1279 σχήμασιν

243 1300 386 1336 Γεμῖνος
419 1298 564 1340 πρῶτον
593 1298 655 1337 μὲν
690 1298 734 1337 εἰς
764 1295 825 1340 τὴν
885 1296 1091 1338 ἐπιφανειῶν
1125 1297 1158 1329 αὶ
1191 1297 1253 1336 μὲν
1288 1293 1472 1329 ἀσύνθετοι

241 1353 433 1389 ἀσύνθετον
457 1358 512 1389 καὶ
537 1355 708 1389 σύνθετον
743 1381 750 1388 .
779 1381 786 1388 .
815 1381 823 1388 .
884 1356 1051 1397 λέγονται,
1078 1356 1112 1388 αἱ
1138 1356 1173 1388 δὲ
1199 1353 1363 1388 σύνθετοι
1390 1380 1396 1387 .
1426 1380 1433 1387 .
1462 1381 1470 1390 .

239 1415 296 1447 καὶ
325 1413 429 1448 πάλιν
460 1413 533 1447 κατ’
560 1411 667 1447 ἄλλον
693 1412 824 1457 τρόπον
883 1416 938 1447 καὶ
963 1414 1042 1448 καθ’
1068 1413 1187 1457 ἑτέραν
1209 1415 1371 1456 διαίρεσιν
1398 1414 1471 1447 τῶν

239 1474 299 1515 τῆς
337 1471 531 1507 ἀσυνθέτου
569 1477 723 1517 γραμμῆς
760 1472 823 1516 τὴν
885 1498 1014 1508 ......
1034 1473 1241 1515 ἐπιφανειῶν
1258 1473 1291 1505 αἱ
1307 1472 1371 1512 μέν
1388 1474 1471 1506 εἰσιν

238 1533 301 1573 μὲν
318 1531 430 1576 ἁπλῆν
446 1532 541 1574 εἶναι,
562 1530 622 1575 τὴν
636 1534 671 1566 δὲ
688 1531 820 1575 μικτήν.
883 1530 998 1575 ἁπλαῖ,
1026 1533 1060 1565 αἱ
1087 1533 1122 1565 δὲ
1148 1534 1271 1572 μικταί.

336 1610 399 1647 Α11
423 1610 497 1647 ista
523 1611 760 1647 similitudine
785 1613 979 1655 perspecta
1006 1609 1167 1654 aliquam
1194 1610 1292 1645 inter
1309 1610 1470 1646 Heronis

240 1669 466 1705 definitiones
494 1672 532 1705 et
551 1669 697 1705 Gemini
722 1669 850 1704 librum
878 1669 1109 1705 intercedere
1135 1669 1316 1704 rationem
1333 1668 1470 1714 neges?

237 1727 294 1765 At
320 1738 443 1765 omnes
475 1728 735 1773 descriptiones
766 1728 813 1764 ad
843 1727 941 1764 illius
967 1727 1052 1764 libri
1083 1728 1336 1764 mathematici
1361 1739 1468 1775 argu-

237 1791 408 1833 mentum,
435 1788 542 1832 quale
564 1798 674 1832 supra
692 1787 994 1832 adumbravimus,
1021 1787 1155 1832 optime
1182 1788 1361 1832 quadrare
1387 1788 1468 1832 quis

241 1848 299 1882 est
325 1847 410 1891 quin
436 1845 586 1884 videat?

336 1914 577 1961 Quamobrem
609 1926 680 1952 11011
706 1919 844 1952 temere
874 1925 942 1951 nec
977 1926 1064 1951 casu
1098 1915 1231 1961 evenit,
1262 1919 1304 1952 ut
1339 1916 1467 1953 variae

240 1973 483 2016 collectiones,
511 1976 638 2020 quibus
666 1985 795 2012 revera
814 1974 1032 2011 Geminiana
1060 1975 1223 2010 admixta
1249 1985 1330 2011 esse
1357 1986 1467 2020 supra

239 2033 575 2080 demonstravimus,
611 2034 709 2070 nullo
743 2033 896 2069 termino
930 2033 1150 2079 interposito
1186 2034 1233 2069 ad
1267 2044 1349 2070 eam
1384 2045 1464 2070 con-

239 2092 390 2138 geriem,
417 2102 523 2136 quam
545 2093 763 2129 Hultschius
789 2091 1024 2137 inscriptione
1050 2092 1210 2128 Heronis
1238 2093 1465 2129 definitiones

237 2150 444 2199 insignivit,
484 2150 521 2187 in
554 2151 699 2199 libris*)
732 2150 988 2197 manuscriptis
1023 2151 1071 2198 (B
1080 2150 1160 2196 OF)
1197 2151 1367 2189 continuo
1402 2151 1463 2187 ad-

336 2281 366 2322 *)
387 2281 425 2313 cf.
448 2281 590 2320 Hultsch,
611 2281 694 2312 Hero
714 2281 801 2313 Alex.
822 2280 918 2320 praef.
940 2290 1011 2321 pag.
1032 2281 1107 2312 XIX
1128 2285 1160 2313 et
1180 2281 1222 2312 VI
1244 2291 1266 2314 s.
