1721 2633
762 117 1003 149 ..22-

261 213 452 259 propatulo
485 215 543 250 est
573 213 685 250 etiam
717 213 887 259 angulos,
923 212 1074 256 formas,
1111 214 1243 257 solida,
1278 215 1368 262 alia,
1404 226 1496 261 quae

260 284 342 318 pag.
379 276 458 316 104,
473 277 510 307 10
545 283 583 310 ss
616 274 681 309 sub
712 283 782 309 uno
815 275 967 318 aspectu
998 276 1194 318 ponuntur,
1236 275 1360 311 eodem
1393 275 1497 312 modo

262 335 373 375 atque
407 331 525 368 lineas
561 331 840 376 superficiesque
875 331 1091 375 disquisitas
1126 342 1222 377 esse,
1257 337 1298 369 ut
1333 333 1498 370 notiones

259 390 361 435 finiti,
387 390 530 432 infiniti,
558 390 662 426 mixti
686 382 816 434 ubique
834 390 959 427 valere
979 392 1240 435 comprobaret.
1290 392 1343 427 Et
1368 403 1498 429 revera

262 449 423 495 vestig-ia
455 449 494 485 in
526 449 650 485 Procli
682 449 941 485 commentario
972 460 1043 485 non
1074 450 1218 491 desunt,
1252 450 1381 494 quibus
1408 451 1498 487 haec

260 508 380 553 opinio
406 509 484 545 veri
512 509 696 544 simillima
721 509 906 545 reddatur.
958 509 1031 545 Sed
1056 519 1102 544 ne
1127 509 1271 545 incerta
1297 509 1410 545 certis
1436 510 1497 545 ad-

258 567 497 608 misceantur,
534 578 579 603 ea
612 571 689 603 tum
721 568 860 603 demum
892 567 1102 613 indaganda
1135 571 1234 612 sunt,
1272 578 1351 603 cuin
1378 571 1497 603 totum

260 625 407 663 Gemini
433 626 563 663 librum
590 626 724 662 clarius
752 626 1097 663 adumbraverimus.

484 733 505 781 ξ
534 738 565 769 3.
596 734 659 770 De
687 734 920 770 axiomatis
947 737 991 770 et
1016 735 1271 779 postulatis.

357 803 429 840 Sed
473 803 642 848 quoniam
686 804 907 849 geometriae
950 804 1143 840 materiam
1192 804 1249 851 (τὰ
1293 803 1497 846 ὑποκείμενα

257 872 341 907 pag.
379 865 435 908 57,
449 862 515 908 27),
548 873 641 907 quae
676 863 713 897 in
749 863 872 898 varias
908 863 1197 908 magnitudinum
1233 863 1497 908 formarumque

259 921 400 966 species
420 921 597 958 dividitur
624 921 816 968 (διαιρέσεις
840 932 924 967 pag.
952 923 1072 967 57‚22)
1098 924 1208 967 atque
1234 922 1398 959 terminis
1425 922 1495 967 qm·-

257 981 410 1016 busdam
445 980 615 1016 definitur
648 980 827 1027 (ὁριστικοὶ
859 980 957 1023 λόγοι
989 992 1071 1026 pag.
1107 984 1162 1025 57,
1175 981 1240 1028 23),
1274 981 1377 1027 satis,
1403 982 1498 1025 quod

258 1039 401 1083 quidem
434 1039 597 1084 pertinet
630 1039 676 1074 ad
709 1039 912 1081 Geminum,
946 1040 1181 1084 contemplati
1213 1051 1346 1084 sumus,
1378 1040 1496 1084 dispo-

258 1097 402 1142 sitione,
444 1108 551 1142 quam
592 1108 702 1143 supra
741 1098 838 1143 (vide
878 1108 961 1144 pag.
998 1101 1056 1143 16)
1097 1099 1143 1134 ad
1184 1109 1265 1144 pag.
1309 1101 1353 1133 57
1391 1109 1496 1143 expe-

258 1157 423 1202 divimus,
444 1157 662 1202 adducimur,
678 1160 719 1193 ut
734 1157 934 1202 separatim
949 1157 993 1193 de
1008 1157 1204 1194 axiomatis
1217 1158 1495 1203 postulatisque,

258 1227 280 1252 a
299 1216 426 1261 quibus
445 1219 650 1263 geometres
670 1216 717 1252 ad
731 1216 1060 1254 demonstrationes
1079 1217 1319 1263 progreditur,
1338 1217 1496 1262 quaesti-

258 1286 362 1312 onem
392 1276 636 1312 instituamus.
690 1276 780 1311 Cum
813 1280 934 1311 autem
967 1287 1049 1322 pag.
1083 1279 1170 1317 6Ο,1
1202 1277 1317 1321 prima
1349 1277 1496 1313 decreta

257 1335 451 1371 universae
482 1335 768 1370 mathematicae
799 1335 988 1370 doctrinae
1020 1338 1107 1371 acta
1134 1336 1219 1376 sint,
1252 1335 1397 1380 copiosa
1424 1336 1495 1371 dis-

256 1394 400 1439 putatio
419 1394 463 1429 de
478 1394 697 1435 discrimine,
718 1394 812 1439 quod
825 1394 923 1430 inter
936 1395 1028 1430 haec
1042 1394 1243 1430 communia
1256 1394 1496 1439 pronuntiata

245 1453 405 1489 'intersit
437 1453 499 1500 (cf.
531 1465 640 1499 pagg.
673 1456 917 1498 178,9—182,
930 1454 971 1498 8),
992 1464 1011 1489 e
1038 1453 1183 1490 Gemini
1213 1453 1305 1490 libro
1332 1454 1496 1490 delibata

259 1515 326 1554 est,
347 1523 564 1557 quamquam
583 1513 767 1558 pleraque,
788 1523 880 1557 quae
899 1513 996 1557 apud
1008 1513 1178 1548 Proclum
1195 1512 1434 1557 reperiuntur,
1451 1515 1494 1549 ob

259 1572 509 1608 commentarii
541 1572 784 1608 condicionem
817 1572 863 1608 ad
895 1572 1131 1617 geometriam
1156 1572 1361 1617 pertinent3
1389 1583 1495 1617 quam

259 1630 549 1675 disquisitionem
581 1633 700 1667 totam
728 1630 881 1668 Gemino
914 1631 1048 1676 deberi,
1081 1631 1112 1667 si
1143 1632 1246 1667 modo
1273 1632 1387 1668 verba
1413 1643 1494 1677 pag.

263 1694 373 1731 182‚5
401 1702 417 1726 S
447 1694 589 1732 Γεμῖνος
614 1692 677 1732 μὲν
703 1688 769 1725 οὖν
791 1689 878 1725 κατὰ
902 1692 1030 1725 τοῦτον
1055 1689 1117 1725 τὸν
1136 1691 1243 1734 λόγον
1269 1689 1310 1725 τὰ
1328 1691 1495 1735 αἰτήματα

260 1751 381 1793 διαιρεῖ
413 1753 486 1784 τῶν
520 1749 729 1792 ἀξιωμάτων
765 1750 859 1785 satis
894 1750 1117 1795 perpendas,
1156 1750 1335 1786 neminem
1370 1750 1495 1796 fugere

259 1808 397 1853 potuit3
425 1808 528 1845 velut
554 1808 650 1844 Max.
676 1808 716 1845 O.
735 1809 776 1844 P.
796 1808 963 1845 Schmidt
990 1809 1085 1845 Phil.
1105 1812 1191 1845 tom.
1220 1812 1264 1843 45
1291 1820 1374 1855 pag.
1403 1813 1445 1845 73
1466 1820 1493 1846 s.

260 1870 298 1903 et
322 1867 508 1904 Friedlein
534 1868 571 1903 in
598 1868 764 1904 editionis
796 1879 884 1904 suae
915 1868 1035 1904 indice
1067 1879 1094 1904 s.
1122 1879 1157 1905 v.
1187 1873 1331 1909 Γεμῖνος
1356 1873 1495 1906 rectum

259 1930 533 1971 perspexerunt.
586 1926 712 1971 Atque
752 1938 795 1963 ea
833 1928 914 1972 ipsa
956 1929 1070 1964 verba
1114 1927 1211 1973 (pag.
1261 1928 1495 1974 181,16-24)‚

260 1997 353 2030 quae
379 1990 420 2022 ut
447 1987 592 2023 aliunde
619 1987 753 2023 hausta
781 1988 860 2031 quis
886 1987 924 2023 in
943 1987 1183 2031 suspicionem
1210 1998 1343 2023 vocare
1368 1987 1495 2032 possit,

260 2044 419 2081 eiusdem
447 2045 606 2081 auctoris
633 2056 714 2081 esse
740 2046 988 2081 testimonium
1016 2048 1139 2081 exstat
1165 2045 1201 2080 in
1228 2046 1375 2082 Eutocii
1403 2056 1496 2081 com—

259 2105 440 2141 mentario
477 2105 524 2141 ad
552 2104 712 2141 Archim.
751 2106 771 2141 1.
794 2106 814 2141 Ι
847 2106 891 2141 de
918 2105 1012 2150 plan.
1043 2108 1295 2149 aequ.==t0m.
1324 2106 1386 2142 ΙΙΙ
1411 2116 1494 2151 pag.

260 2168 330 2200 308
358 2163 478 2210 Heib.,
512 2165 607 2201 unde
640 2164 809 2201 discimus
842 2165 962 2201 omnia
994 2164 1183 2201 doctrinae
1214 2165 1322 2201 initia
1353 2166 1399 2201 ab
1434 2164 1496 2201 illo

260 2224 520 2261 mathematico
548 2225 649 2261 dicta
675 2234 756 2260 esse
781 2225 980 2269 postulata.

358 2283 506 2320 Deinde
533 2287 656 2320 autem
682 2286 836 2328 utraque
860 2284 1009 2321 notione
1032 2283 1182 2321 definita
1208 2284 1256 2321 ad
1281 2294 1362 2321 eam
1388 2293 1496 2329 quae-
