1721 2633
707 661 867 728 Caput
897 661 964 712 VI.

738 771 801 809 De
827 771 929 809 vita.

313 853 512 889 Consilium
540 854 584 888 de
610 852 752 887 nomine
785 863 827 887 ac
859 852 937 886 vita
965 851 1111 887 Gemini
1142 852 1295 896 amplius
1330 852 1450 897 dispu-

211 913 315 948 tandi
334 912 462 957 abieci,
482 912 567 956 quia
589 911 751 955 Martini,
773 911 874 946 cuius
893 910 1189 946 dissertationem
1208 911 1251 947 de
1269 911 1325 947 his
1343 912 1451 947 rebus

211 971 404 1017 inspicias,
437 972 537 1017 prior
562 972 629 1007 has
657 971 890 1015 quaestiones
917 970 1088 1015 suscepit.
1140 971 1268 1015 Neque
1294 982 1380 1007 vero
1408 982 1452 1006 ex

213 1032 266 1066 eis
293 1030 527 1075 fragmentis,
554 1040 647 1073 quae
674 1031 721 1064 ab
748 1029 854 1063 initio
880 1029 917 1063 in
943 1029 1073 1064 librum
1099 1029 1196 1064 illius
1222 1030 1452 1064 mathemati-

218 1101 297 1126 cum
325 1090 479 1126 redacta
503 1091 603 1131 sunt,
639 1098 754 1133 neque
787 1099 831 1124 ex
855 1087 922 1134 eis,
958 1098 1052 1133 quae
1078 1090 1118 1124 ut
1145 1089 1190 1124 ab
1218 1088 1342 1124 eodem
1368 1099 1452 1125 auc-

214 1153 295 1185 tore
324 1150 537 1194 deprompta
564 1149 602 1183 111
628 1148 782 1183 indicem
811 1148 906 1192 (vide
932 1159 1016 1193 pag.
1044 1152 1085 1182 81
1108 1150 1158 1192 ss)
1186 1148 1326 1193 collegi,
1354 1148 1453 1192 quid-

215 1219 322 1253 quam
350 1207 535 1243 enucleari
560 1210 696 1251 potest,
726 1217 794 1251 quo
821 1206 908 1242 freti
934 1207 1048 1242 vitam
1075 1207 1133 1243 vel
1160 1209 1323 1243 aetatem
1349 1218 1454 1243 accu-

212 1268 330 1304 ratius
367 1267 629 1312 describamus,
667 1266 737 1302 nisi
780 1267 874 1310 quod
908 1277 987 1302 eum
1021 1266 1207 1302 Posidonii
1242 1267 1455 1312 discipulum

214 1327 329 1363 fuisse
355 1327 480 1362 multis
507 1326 698 1361 momentis
733 1325 936 1361 stabilitum
972 1329 1038 1361 est.
1090 1326 1298 1361 Tenendum
1333 1328 1455 1366 autem

215 1389 273 1423 est
299 1386 396 1422 inter
423 1396 546 1422 omnes
569 1385 679 1430 virOS,
708 1388 885 1429 quotquot
910 1385 947 1420 in
968 1384 1114 1421 Gemini
1131 1385 1294 1430 reliquiis
1318 1386 1455 1422 mathe-

214 1445 359 1481 maticis
386 1445 598 1489 laudantur,
634 1454 679 1479 ne
716 1455 822 1479 unum
856 1444 996 1487 quidem
1030 1444 1316 1489 commemorari,
1352 1455 1456 1488 quem

214 1507 299 1550 post
327 1503 549 1548 Apamensis
576 1507 743 1548 tempora
771 1503 885 1539 fuisse
913 1506 1067 1539 constet.

315 1563 453 1609 Quodsi
479 1563 526 1607 is,
562 1562 622 1606 qui
654 1563 786 1597 librum
816 1565 894 1606 περὶ
920 1566 979 1605 τῆς
1005 1562 1133 1604 τάξεως
1160 1563 1375 1608 composuit,
1411 1563 1456 1598 ab

219 1625 370 1658 auctore
388 1623 568 1667 Isagoges
596 1621 762 1666 separari
785 1632 856 1657 non
879 1624 1012 1667 potest,
1039 1621 1213 1658 videlicet
1229 1622 1267 1658 id
1284 1622 1456 1667 temporis

215 1682 402 1727 indicium,
440 1681 534 1726 quod
565 1681 603 1716 in
639 1681 744 1717 huius
777 1681 891 1717 libelli
921 1692 999 1726 cap.
1026 1682 1084 1719 VI
1110 1682 1307 1728 invenitur,
1342 1682 1456 1718 etiam

217 1743 264 1777 ad
289 1745 434 1785 tempus
462 1741 716 1776 mathematici
743 1742 862 1786 operis
889 1741 1129 1777 definiendum
1154 1742 1268 1788 valet,
1296 1742 1327 1778 si
1352 1742 1455 1778 modo

220 1801 309 1837 illud
328 1802 375 1837 ad
394 1801 610 1846 scriptorem
627 1801 806 1848 Isagoges
824 1805 926 1838 recte
944 1801 1117 1847 refertur3
1137 1802 1299 1848 profecto
1317 1803 1454 1839 mathe-

217 1862 354 1896 matica
380 1861 590 1906 fragmenta
616 1861 706 1895 1111111
731 1862 891 1905 obstant,
921 1873 988 1905 quo
1016 1862 1133 1899 minus
1152 1863 1246 1897 hunc
1264 1862 1456 1897 terminum

218 1920 452 1956 retineamus.
506 1920 604 1955 Nam
622 1920 658 1954 id
678 1923 941 1965 argumentum,
970 1920 1063 1964 quod
1081 1920 1269 1966 Manitius,
1296 1924 1337 1956 ut
1362 1921 1457 1956 hunc

223 1979 377 2015 stoicum
403 1982 486 2023 post
512 1980 693 2014 Boetlium
721 1979 906 2015 Sidonium
938 1980 1232 2025 peripateticum,
1265 1980 1457 2016 Strabonis

219 2038 424 2081 aequalem,
453 2037 618 2073 floruisse
646 2039 923 2082 ostenderetsl.
952 2039 973 2073 l.
1000 2049 1082 2084 pag.
1116 2042 1180 2073 1‘01
1203 2049 1220 2074 s
1247 2039 1457 2083 expiscatus

219 2107 301 2133 esse
328 2096 397 2132 sibi
425 2096 523 2132 visus
551 2100 626 2142 est,
654 2097 795 2132 omnino
824 2098 925 2133 nihili
952 2108 1033 2133 esse
1061 2098 1215 2133 dilucide
1239 2109 1284 2134 ex
1306 2099 1359 2134 eis
1377 2109 1456 2143 per-

220 2156 384 2201 spicuum
412 2159 484 2198 est,
514 2167 607 2200 quae
634 2157 761 2192 Maass
787 2157 825 2192 in
850 2157 1002 2192 Arateis
1029 2158 1103 2193 suis
1129 2168 1234 2203 pagg.
1266 2160 1456 2193 152—158

220 2216 264 2253 de
283 2217 426 2253 Boetho
455 2216 613 2262 Sidonio,
642 2216 781 2253 stoicae
809 2217 1058 2262 philosophiae
1082 2218 1255 2259 studioso,
1283 2217 1456 2254 excussit.

318 2277 433 2312 Porro
462 2276 598 2316 Rhodi,
635 2276 673 2311 in
708 2276 825 2311 insula
851 2277 1057 2321 praeclara,
1095 2276 1286 2313 Geminum
1321 2276 1354 2313 si
1387 2286 1458 2312 non
