1721 2633
770 661 930 727 Caput
959 663 1004 712 V.

304 761 363 798 De
390 761 562 798 auctore
590 762 821 798 ceterorum
850 760 1063 807 librorum,
1092 761 1166 808 qui
1192 761 1271 800 sub
1298 762 1462 800 nomine

692 819 852 858 Gemini
878 820 1086 858 feruntur.

400 898 421 946 ξ
450 902 479 934 1.
508 900 570 935 De
602 898 772 936 Gemini
804 899 963 935 studiis
995 900 1365 946 meteorologicis.

364 967 543 1014 Quoniam
570 968 687 1004 adhuc
714 968 758 1004 de
778 967 923 1005 Gemini
946 968 1077 1005 studiis
1103 969 1376 1006 mathematicis
1394 980 1501 1014 quae-

264 1027 418 1063 stionem
451 1027 687 1074 instituimus,
722 1027 768 1063 ad
803 1031 929 1064 cetera
967 1028 1107 1073 scripta
1142 1039 1235 1073 quae
1275 1030 1340 1065 sub
1378 1029 1499 1065 eodem

263 1086 405 1122 nomine
436 1086 604 1122 feruntur
633 1097 836 1132 pergamus.
888 1087 995 1123 Haec
1031 1087 1149 1123 omnia
1184 1089 1230 1124 ab
1257 1098 1327 1123 uno
1354 1090 1502 1123 auctore
1547 1121 1549 1123 .

264 1145 465 1192 composita
492 1156 574 1183 esse
600 1146 731 1182 multos
767 1157 832 1192 per
864 1157 978 1183 annos
1004 1146 1103 1182 inter
1137 1157 1259 1183 omnes
1295 1147 1500 1193 constabat,

263 1206 346 1241 dum
380 1206 558 1242 Manitius
590 1206 613 1241 l.
635 1206 657 1241 l.
683 1217 793 1252 pagg.
815 1209 871 1248 99,
904 1208 1106 1252 102-104,
1143 1210 1211 1241 119
1248 1217 1328 1243 eum
1360 1206 1501 1253 librum,

263 1275 368 1309 quem
399 1265 508 1311 vulgo
548 1263 741 1308 εἰσαγωγὴν
775 1267 820 1305 εἰς
854 1264 896 1298 τὰ
930 1265 1121 1307 φαινόμενα
1160 1265 1301 1311 dicunt,
1349 1266 1394 1301 ab
1439 1265 1500 1301 illo

262 1324 525 1361 mathematico
557 1324 802 1361 illustrissimo
841 1324 1015 1370 scriptum
1053 1335 1133 1361 esse
1166 1324 1302 1370 primus
1335 1325 1498 1370 negavit,

262 1393 480 1428 quamquam
506 1393 644 1428 vereor,
678 1393 724 1418 ne
750 1382 849 1418 illius
875 1383 998 1419 studia
1023 1384 1286 1419 mathematica
1311 1385 1421 1427 atque
1448 1384 1499 1418 in-

263 1442 407 1489 genium
432 1453 560 1487 parum
587 1442 734 1488 cognita
760 1442 941 1478 habuerit.
993 1442 1126 1487 Itaque
1153 1442 1268 1479 denuo
1296 1441 1499 1487 disceptan-

263 1502 346 1538 dum
374 1505 442 1548 est,
468 1505 587 1538 utrum
613 1502 644 1538 is
672 1501 861 1544 Geminus,
897 1502 956 1546 qui
993 1502 1276 1538 mathematicae
1311 1502 1500 1538 doctrinae

262 1561 423 1599 ordinem
458 1564 570 1607 atque
604 1561 786 1598 rationem
821 1562 1095 1608 demonstravit,
1131 1564 1169 1598 et
1201 1561 1245 1608 is,
1280 1561 1340 1607 qui
1374 1562 1498 1607 nubes,

262 1624 516 1668 tempestates,
554 1621 692 1659 similes
726 1632 785 1658 res
813 1621 986 1658 sublimes
1013 1622 1225 1659 observavit
1252 1624 1362 1667 atque
1390 1620 1501 1666 expli-

263 1682 375 1725 cavit,
404 1685 442 1718 et
467 1681 510 1727 is,
544 1682 604 1726 qui
630 1681 925 1718 commentarium
953 1682 997 1718 de
1023 1682 1131 1718 rebus
1158 1681 1379 1718 caelestibus
1406 1691 1500 1717 com—

261 1742 394 1787 posuit,
422 1752 514 1778 unus
541 1744 653 1786 atque
679 1741 775 1777 idem
795 1741 951 1786 scriptor
975 1741 1088 1777 fuerit
1114 1751 1239 1777 necne.
1283 1740 1355 1778 Sed
1381 1751 1427 1777 ne
1444 1740 1501 1777 his

262 1800 531 1837 molestissimis
567 1801 758 1836 verborum
781 1800 1008 1846 ,ambagibus
1034 1800 1227 1846 impediar,
1261 1800 1413 1845 primum
1439 1810 1500 1836 no-

263 1860 359 1896 mine
385 1859 646 1905 mathematici,
684 1859 839 1896 alterum
866 1859 1112 1905 meteorologi,
1145 1859 1294 1895 tertium
1321 1858 1501 1905 astrologi

264 1920 471 1966 significare
505 1919 593 1956 mihi
626 1919 749 1966 liceat,
788 1919 889 1956 cuius
923 1919 1238 1964 breviloquentiae
1271 1918 1380 1956 venia
1412 1918 1501 1954 mihi

263 1979 370 2015 detur
396 1990 541 2024 quaeso.

360 2039 419 2076 Ac
444 2039 599 2085 primum
635 2038 779 2083 quidem
808 2037 998 2075 Geminum
1034 2037 1212 2082 quendam
1247 2037 1300 2073 eis
1334 2036 1500 2082 partibus

261 2099 440 2136 naturalis
471 2099 731 2144 philosophiae,
767 2109 857 2143 quas
884 2097 1020 2135 Graeci
1043 2098 1221 2135 vocabulo
1246 2099 1500 2141 μετεωρολογία

261 2159 613 2205 complectebantur,
650 2158 836 2195 studuisse
871 2158 982 2195 testis
1018 2160 1075 2194 est
1100 2158 1323 2194 Alexander
1355 2156 1499 2203 Aphro-

261 2219 431 2257 disiensis
470 2219 566 2266 apud
607 2218 830 2265 Simplicium
874 2218 912 2254 in
952 2229 1074 2255 comm.
1114 2218 1161 2255 ad
1199 2217 1357 2255 Aristot.
1394 2217 1498 2263 phys.

256 2292 367 2328 pagg.
387 2284 468 2327 291,
488 2286 523 2314 21
548 2291 566 2317 s
591 2280 717 2326 Diels,
753 2280 854 2317 cuius
889 2279 959 2316 loci
994 2279 1138 2316 initium
1162 2277 1195 2315 Ὁ
1221 2280 1257 2314 δὲ
1282 2276 1501 2323 Ἀλέξανδρος
