1721 2633
725 174 966 206 -12-

229 278 378 311 cumque
404 268 547 311 reliqua
572 278 685 312 usque
718 269 765 304 ad
800 280 882 314 pag.
913 273 1021 310 61‚24
1046 270 1221 316 perleget,
1255 273 1314 306 tot
1341 270 1463 308 Gemi-

228 326 328 362 niani
355 326 474 371 operis
500 326 634 363 indicia
659 327 833 372 inveniet,
861 331 902 364 ut
928 329 1022 364 hanc
1048 328 1296 365 commentarii
1321 333 1463 374 partem

231 386 354 431 (pagg.
385 389 440 431 57,
454 389 571 431 9-61,
583 388 634 431 24)
665 387 711 421 ab
730 386 792 422 illo
811 387 1010 423 delibatam
1028 397 1109 423 esse
1127 390 1256 432 sponte
1276 389 1462 425 concedat.

327 443 383 479 At
415 454 471 484 ea,
504 455 596 488 quae
628 446 897 488 subsequuntur
929 447 1025 491 (pag.
1054 449 1110 491 61,
1125 450 1160 479 25
1187 447 1247 490 ss),
1266 447 1382 483 tantis
1397 446 1463 483 ‘co-

229 502 421 547 gitationis
436 503 822 547 contemplationisque
835 504 977 540 nebulis
994 504 1159 541 involuta
1173 507 1269 550 sunt,
1287 509 1329 541 ut
1341 516 1465 542 recen-

230 560 335 596 tioris
350 560 560 597 academiae
574 562 767 598 Platonico
782 562 857 598 ista
871 562 1032 598 tribuere
1046 563 1177 608 malim,
1195 564 1289 607 quod
1303 564 1465 608 equidem

230 630 369 662 vereor,
405 630 450 656 ne
485 620 577 656 haec
613 620 766 657 Gemino
803 621 939 666 scripta
974 631 1054 657 esse
1089 622 1180 657 nulli
1216 623 1466 669 persuadeam,

231 679 301 715 etsi
327 679 485 715 fortasse
511 679 593 716 inde
620 691 642 715 a
668 690 748 726 pag.
780 684 866 726 63,5
892 681 1065 716 nonnulla
1092 681 1277 717 enucleari
1302 685 1465 727 possunt,

232 749 325 783 quae
352 740 399 774 ab
425 739 487 774 illo
514 750 585 775 non
613 741 843 776 abhorreant.

332 797 567 834 Geometriae
611 799 739 835 statim
780 802 972 835 annectam
1014 809 1091 835 var.
1137 800 1215 835 coll.
1256 802 1366 844 caput
1407 801 1468 836 XI

232 857 453 902 geodaesiae
468 857 712 894 definitionem
729 859 930 903 continens,
950 858 1117 902 quoniam
1135 858 1228 894 hanc
1243 858 1466 903 disciplinam

233 916 279 950 ab
302 916 368 951 illa
394 917 551 960 pendere
571 916 746 953 Geminus
773 918 867 961 apud
884 917 1055 952 Proclum
1081 927 1163 962 pag.
1183 921 1239 958 39,
1252 922 1291 950 20
1316 928 1363 953 ss.
1391 918 1468 962 ipse

233 977 407 1010 testatur.
454 975 690 1021 Recognosce
716 986 850 1020 quaeso
878 976 954 1011 eius
978 975 1168 1011 formulam
1193 986 1274 1021 pag.
1302 978 1433 1017 248,13
1452 987 1469 1011 s

234 1034 310 1069 Hu:
343 1036 526 1075 γεωδαισία
557 1035 645 1068 ἐστὶν
676 1035 840 1078 ἐπιστήμη
872 1037 943 1069 τῶν
974 1036 1010 1069 ἐν
1041 1043 1113 1075 τοῖς
1138 1037 1315 1079 αἰσθητοῖς
1340 1035 1470 1076 σώμασι

233 1094 392 1134 μεγεθῶν
423 1096 477 1126 καὶ
507 1093 692 1136 σχημάτων
723 1093 904 1136 διαιρετικὴ
937 1096 990 1127 καὶ
1017 1093 1215 1137 συνθετικήὶ
1259 1094 1390 1129 Nonne
1415 1094 1471 1130 ita

236 1154 448 1196 comparata
475 1155 543 1192 est,
571 1154 612 1187 ut
638 1152 714 1188 fere
740 1163 809 1188 uno
837 1162 977 1197 quoque
1003 1153 1113 1189 verbo
1141 1152 1240 1197 origo
1267 1152 1471 1188 indicetur?

235 1211 373 1246 Iterum
408 1211 586 1255 duplicem
618 1212 845 1256 geometriae
877 1212 984 1252 viam,
1018 1222 1123 1255 quam
1157 1222 1267 1256 supra
1293 1211 1386 1247 satis
1412 1212 1470 1247 de-

236 1270 425 1315 pinximus,
446 1281 491 1306 ex
508 1270 695 1307 vocabulis
711 1270 892 1315 &tangamur
912 1274 1024 1315 atque
1038 1269 1217 1313 συνθετικὴ
1231 1272 1472 1306 monstratam

237 1339 318 1365 esse
349 1330 608 1374 cognoscimus.

337 1388 455 1425 Simili
473 1389 576 1424 modo
595 1388 859 1434 descriptiones
880 1388 1074 1434 logisticae
1101 1388 1162 1435 (cf.
1187 1399 1263 1425 var.
1291 1388 1369 1424 coll.
1396 1399 1473 1433 cap.

236 1449 299 1484 IX
314 1451 353 1483 et
367 1448 424 1493 X)
444 1451 482 1483 et
509 1448 728 1493 geodaesiae
755 1448 854 1494 (ibid.
876 1459 953 1493 cap.
971 1448 1069 1492 XII)
1093 1448 1140 1483 ad
1166 1448 1261 1484 hunc
1288 1450 1471 1484 auctorem

237 1507 397 1552 relegari
410 1511 581 1551 possunt3
602 1508 771 1542 Proclum
787 1510 910 1542 autem
924 1508 1069 1542 easdem
1085 1507 1180 1551 apud
1198 1517 1279 1542 eum
1292 1507 1473 1543 invenisse

240 1568 350 1610 atque
369 1566 585 1602 decurtatas
611 1566 649 1602 in
666 1576 767 1602 suum
788 1566 1083 1602 commentarium
1103 1565 1349 1611 transtulisse,
1373 1563 1473 1601 ‘dum-

239 1626 342 1661 modo
361 1629 553 1670 utrumque
579 1627 695 1662 locum
723 1626 916 1672 diligenter
933 1625 1121 1668 intuearis,
1155 1626 1199 1661 ob
1225 1625 1393 1661 similium
1420 1636 1474 1660 re—

239 1696 317 1721 rum
337 1685 477 1730 copiam
504 1689 580 1721 tam
600 1685 708 1722 facile
727 1686 931 1731 intellegas,
958 1688 999 1720 ut
1024 1685 1092 1720 hoc
1110 1684 1253 1729 quidem
1270 1686 1475 1720 retractare

240 1756 309 1780 non
341 1745 379 1780 in
411 1745 531 1781 animo
563 1745 623 1789 sit,
656 1756 701 1781 ne
736 1746 773 1781 in
808 1746 877 1781 hac
908 1744 1052 1781 ratione
1088 1744 1306 1788 explicanda
1341 1743 1476 1780 diutius

241 1814 438 1847 moremur;
459 1804 544 1840 aliis
566 1804 851 1840 mathematicae
876 1804 1062 1839 doctrinae
1080 1803 1244 1848 partibus
1262 1803 1475 1847 postpositis

241 1863 360 1908 potius
386 1863 423 1899 in
450 1874 519 1899 uno
547 1863 752 1908 specimine,
781 1863 875 1907 quod
901 1863 1020 1898 instar
1047 1862 1200 1898 omnium
1227 1862 1286 1906 sit,
1313 1862 1475 1906 acquies-

242 1933 375 1967 camus,
407 1922 491 1966 quia
522 1922 617 1957 idem
648 1923 683 1957 in
718 1925 843 1957 cetera
875 1922 999 1966 capita
1031 1921 1163 1956 cadere
1193 1921 1230 1956 in
1257 1920 1380 1964 aprico
1407 1925 1475 1956 est.

340 1981 523 2026 Imprimis
551 1980 643 2016 enim
667 1991 743 2017 var.
770 1980 849 2015 coll.
868 1980 994 2024 capita
1012 1980 1118 2014 XIII
1145 1981 1182 2014 et
1200 1979 1309 2019 XIV,
1346 1978 1477 2022 quippe

243 2052 335 2086 quae
366 2040 440 2077 sint
466 2040 664 2085 uberrima,
691 2039 800 2084 paulo
828 2038 1050 2075 subtiliorem
1077 2036 1285 2083 efflagitant
1311 2036 1477 2081 disquisi-

243 2100 394 2145 tionem,
430 2102 469 2135 ut
504 2099 648 2144 singula
685 2098 869 2143 persecuti
903 2097 1004 2133 firmo
1039 2097 1274 2133 fundamento
1308 2096 1478 2135 nitamur.

245 2159 384 2195 Contra
410 2158 661 2203 Hultschium‚
696 2157 755 2201 qui
789 2158 853 2192 hos
881 2157 979 2192 locos
1005 2166 1089 2201 pag.
1115 2158 1184 2190 249
1216 2155 1326 2191 titulo
1362 2155 1476 2199 „frag-

243 2220 368 2255 menta
409 2220 599 2263 excerpta,
642 2219 681 2252 ut
712 2217 872 2262 videtur,
905 2226 924 2251 e
957 2213 1172 2260 catoptricis
1205 2213 1385 2250 Heronis“
1426 2214 1478 2249 in-

245 2278 458 2322 scripserat,
499 2277 670 2321 Tannery
704 2276 725 2311 l.
754 2276 775 2311 l.
807 2287 889 2320 pag.
926 2279 970 2308 44
1011 2277 1113 2309 recte
1152 2273 1292 2310 monuit
1326 2273 1479 2309 eandem

246 2347 352 2381 quam
379 2336 507 2373 variae
534 2336 767 2372 collectiones
794 2334 983 2370 continent
1010 2332 1202 2369 materiam
1221 2331 1375 2368 Gemino
1402 2330 1480 2367 sine
