1721 2633
732 157 972 190 -75—

240 250 462 288 documentis
493 251 619 289 eadem
649 253 744 290 ratio
776 252 1015 296 confirmetur,
1048 265 1141 299 quae
1173 255 1270 292 inter
1301 257 1468 292 astrono-

240 311 372 348 micum·
395 314 433 349 et
458 313 755 351 mathematicum
780 314 891 351 libros
921 314 1126 352 intercedit.

338 373 483 419 Reapse
519 376 640 410 autem
675 375 751 410 tale
792 378 1042 420 argumentum
1077 386 1122 412 ex
1155 387 1233 413 var.
1272 376 1352 412 coll.
1389 387 1468 421 cap.

239 433 432 470 LXXXII
458 444 598 470 sumere
629 434 732 476 licet,
770 444 839 478 quo
877 435 954 471 loco
986 435 1265 472 mathematicus
1297 436 1358 472 ille
1390 446 1469 472 cum

240 492 421 529 fabrorum
449 493 669 537 aliorumque
702 493 858 529 artificia
884 496 960 529 tum
992 494 1033 528 τὸ
1059 497 1136 538 περὶ
1163 494 1222 536 τὰς
1246 494 1361 537 φάσεις
1387 495 1468 531 doc-

240 552 338 588 trina
364 563 430 589 sua
462 551 639 588 continen'
663 555 785 598 negat.
836 553 907 589 His
934 557 1057 589 autem
1087 553 1210 590 verbis
1241 552 1283 588 τὸ
1309 557 1384 598 περὶ
1411 553 1470 595 τὰς

239 612 354 655 φάσεις
379 612 489 657 vulgo
517 622 561 647 ea
588 623 648 647 ars
675 612 711 647 in
739 612 924 649 stellarum
957 613 1095 649 ortibus
1123 613 1382 657 occasibusque
1409 615 1468 650 ob-

241 671 431 708 servandis
463 670 722 707 administrata
753 670 894 715 dicitur,
931 682 1001 716 qua
1034 672 1127 708 caeli
1157 673 1469 716 commutationes,

240 733 493 776 tempestates,
528 733 658 768 ventos
692 731 897 776 praesagiri
930 742 1036 776 posse
1069 732 1174 768 multi
1208 731 1371 768 homines
1402 732 1471 768 sibi

241 793 510 837 persuaserant,
535 790 640 827 velut
658 791 891 826 Ptolemaeus
909 790 1050 836 librum,
1077 791 1137 835 qui
1162 791 1278 833 φάσεις
1304 791 1471 826 ἀπλανῶν

241 849 395 895 ἀστέρων
412 850 635 895 inscribitur,
655 850 699 886 de
716 851 786 886 hac
803 861 842 886 re
862 850 1068 895 composuit.
1114 851 1286 896 Tannery
1299 861 1386 887 vero
1405 851 1426 886 l.
1446 851 1470 886 l.

239 921 321 955 pag.
350 913 395 943 46
423 910 517 945 hanc
544 912 662 945 artem
693 920 715 945 a
747 909 899 946 Gemino
932 910 1153 954 astrologiae
1186 910 1368 946 elementa
1400 910 1470 945 dis-

241 971 413 1014 ceptante
447 968 555 1014 longa
589 967 876 1003 Introductionis
911 968 1215 1004 commentatione
1250 968 1470 1013 explicatam

240 1031 348 1073 atque
380 1028 503 1072 aliqua
536 1038 580 1063 ex
611 1030 716 1072 parte
742 1028 929 1072 probatam
957 1038 1037 1064 esse
1064 1027 1295 1064 declamavit.
1347 1028 1470 1075 Quare

240 1087 383 1132 magnis
403 1087 679 1122 difficultatibus
697 1086 912 1131 implicatur,
939 1087 1032 1130 quod
1049 1087 1143 1122 idem
1162 1089 1291 1123 auctor
1316 1087 1354 1122 id
1381 1088 1470 1123 arti-

239 1146 373 1191 ficium,
405 1146 498 1190 quod
529 1146 567 1181 in
597 1157 715 1182 rerum
747 1145 959 1182 caelestium
994 1143 1245 1190 disquisitione
1281 1147 1471 1191 amplexus
1520 1158 1523 1160 ·

241 1205 304 1250 sit,
335 1205 372 1240 in
403 1205 493 1241 libro
525 1205 784 1241 mathematico
815 1208 973 1249 respuat.
1025 1206 1162 1242 Verum
1198 1206 1380 1242 enimvero
1415 1206 1471 1242 vir

241 1265 367 1301 doctus
384 1264 690 1310 Francogallicus‚
720 1263 778 1308 qui
803 1263 886 1299 istis
912 1263 1031 1299 verbis
1060 1263 1138 1299 sine
1166 1264 1273 1300 dubio
1291 1265 1470 1310 Isagoges

240 1335 316 1369 cap.
330 1325 428 1362 XIV
443 1323 679 1370 spectavit*),
699 1322 843 1361 Gemini
861 1324 972 1359 verba.
987 1322 1103 1359 minus
1121 1326 1222 1359 recte
1240 1323 1470 1369 perspexisse

239 1384 298 1420 vel
316 1383 550 1428 perpendisse
567 1383 723 1428 videtur,
750 1382 915 1425 quoniam
932 1382 1000 1417 hoc
1017 1382 1094 1417 loco
1114 1382 1251 1418 stoicus
1269 1383 1360 1418 nihil
1378 1383 1470 1419 anti-

239 1443 342 1488 quius
373 1443 496 1484 habet,
530 1453 637 1487 quam
663 1444 702 1478 ut
727 1441 886 1478 homines
913 1441 992 1477 fuse
1020 1441 1180 1487 edoceat,
1212 1453 1316 1486 quam
1345 1442 1470 1487 inepta

240 1513 283 1539 ac
300 1502 435 1539 futtilis
462 1502 511 1539 sit
537 1502 610 1539 ista
637 1512 697 1538 ars
716 1501 949 1546 tempestatis
966 1501 1294 1545 praenuntiandae.
1337 1503 1470 1547 Itaque

239 1562 405 1606 equidem
423 1562 561 1607 denego
579 1561 677 1598 illam
697 1560 847 1598 Gemino
865 1560 1089 1605 probabilem
1107 1560 1225 1597 visam
1249 1571 1345 1606 esse3
1363 1561 1469 1597 immo

238 1621 359 1666 potius
376 1632 422 1657 116
447 1621 569 1666 aliqua
588 1620 729 1665 quidem
756 1630 801 1656 ex
825 1617 993 1666 parte**)
1021 1629 1101 1655 eam
1127 1630 1253 1656 veram
1281 1630 1361 1656 esse
1389 1631 1469 1656 con-

240 1680 361 1718 cessit.
399 1681 457 1717 Ex
482 1680 723 1725 exemplorum
741 1678 845 1724 copia
862 1679 954 1714 haec
980 1689 1185 1724 excerpam:
1213 1677 1232 1713 ὁ
1258 1682 1333 1723 περὶ
1359 1680 1470 1723 ἐπιση-

237 1742 370 1782 μασιῶν
399 1740 503 1783 λόγος
533 1738 626 1783 παρὰ
656 1741 718 1781 μὲν
749 1747 821 1779 τοῖς
851 1738 1002 1779 ἰδιώταις
1032 1737 1177 1772 ἀλλοίαν
1202 1738 1268 1781 ἔχει
1295 1738 1468 1782 διάληψιν,

239 1800 330 1848 (scil.
358 1811 464 1845 quam
491 1799 587 1845 apud
612 1798 891 1835 mathematicos
918 1800 956 1834 et
983 1798 1201 1844 astrologos)
1236 1797 1283 1838 ὠς
1312 1798 1365 1832 ἐπὶ
1396 1807 1471 1839 ταῖς

239 1864 309 1894 τῶν
333 1858 470 1903 ἄστρων
493 1860 662 1900 ἐπιτολαῖς
684 1861 738 1892 καὶ
763 1858 874 1892 δύσεσι
893 1861 963 1892 τῶν
981 1861 1056 1901 περὶ
1087 1856 1150 1892 τὸν
1169 1857 1250 1901 ἀέρα
1267 1861 1471 1900 μεταβολῶν

239 1920 431 1962 γινομένων
471 1920 565 1964 (pag.
595 1921 638 1952 32
665 1918 774 1961 Pet).
825 1917 967 1953 Deinde
1006 1917 1062 1953 illi
1096 1917 1323 1962 prognostici
1361 1931 1470 1961 παρα-

238 1978 398 2022 πήγματα
418 1980 634 2023 componunt
652 1975 716 2011 οὐκ
735 1974 802 2011 ἀπό
821 1989 915 2017 τινος
941 1977 1071 2020 τέχνης,
1099 1975 1179 2011 οὐδὲ
1196 1976 1352 2017 μεθόδου
1370 1975 1469 2021 ὥρισ-

339 2096 367 2134 *)
382 2095 433 2125 Sin
445 2095 588 2132 Tannery
600 2093 805 2124 calendarium
819 2093 927 2123 ultimo
942 2093 1013 2123 libri
1027 2093 1121 2130 capiti
1137 2093 1293 2130 appictum
1308 2094 1470 2131 spectavit,

239 2145 313 2175 item
334 2144 428 2174 falsus
450 2147 506 2180 est,
529 2144 669 2180 quoniam
689 2144 745 2172 hoc
766 2142 932 2180 genuinum
954 2151 1020 2172 esse
1041 2151 1094 2172 suo
1116 2142 1183 2171 iure
1201 2143 1330 2181 negavit
1349 2143 1470 2172 Boeckh

241 2188 344 2234 „Uber
366 2194 414 2224 die
435 2193 642 2231 vierjahrigen
664 2191 885 2222 Sonnenkreise
906 2192 961 2222 der
982 2191 1092 2221 Alten“
1114 2201 1184 2229 pag.
1207 2193 1226 2221 8
1241 2200 1284 2229 ss;
1306 2191 1359 2221 sed
1380 2191 1470 2222 verba

242 2254 300 2284 „un
327 2245 460 2282 systema
487 2267 493 2273 .
516 2266 524 2274 .
546 2268 553 2274 .
582 2251 633 2273 sur
659 2242 761 2280 lequel
787 2241 809 2272 il
835 2242 866 2279 (i.
896 2251 920 2272 e.
943 2241 1099 2279 Geminus)
1127 2240 1200 2272 s’est
1226 2241 1472 2280 longuement

244 2294 445 2333 explique“
469 2293 507 2323 ad
526 2291 610 2323 aliud
631 2295 724 2329 atque
744 2292 784 2322 ad
804 2301 868 2329 cap.
890 2291 964 2321 XIV
984 2290 1093 2322 referri
1112 2300 1174 2321 non
1193 2294 1328 2329 possunt.

324 2342 370 2382 **)
395 2342 536 2381 Tannery
556 2341 611 2373 1.1.
625 2341 755 2382 11113ζ46
776 2340 850 2372 dicit
871 2340 964 2380 „dans
985 2348 1044 2372 une
1065 2340 1200 2372 cei-taine
1220 2340 1367 2372 mesure“.
