1721 2633
701 130 941 160 „29-

205 225 326 271 priora
345 224 490 272 (πρώτα,
518 224 862 271 ἐπιστημονικώτερα)
881 225 1058 271 dicuntur,
1090 225 1184 262 sicut
1209 227 1302 262 idem
1331 226 1436 263 disei-

204 283 323 329 plinas
356 294 472 319 rerum
510 284 802 330 intellegibilium
837 294 918 320 esse
952 284 1141 329 primarias
1175 296 1263 329 prae
1301 286 1436 322 activis

206 343 347 380 artibus
377 355 460 390 pag.
494 346 580 390 38,9
613 344 861 380 contenderat.
914 344 968 380 At
999 344 1092 381 enim
1124 344 1182 380 hic
1217 355 1354 390 quoque
1387 345 1434 391 id,

205 403 298 447 quod
323 414 459 450 negare
484 404 582 440 haud
607 403 716 440 facile
742 403 871 448 potuit,
900 404 1124 440 concessisse
1150 404 1296 440 videtur
1321 405 1434 449 primo

203 462 365 500 homines
383 463 421 499 in
440 464 668 509 problemata
685 462 872 499 sensibilia
889 463 1059 510 incidere,
1079 463 1208 499 deinde
1228 464 1275 499 ad
1292 464 1434 501 theore-

204 524 306 558 mata
339 522 623 568 contemplativa
653 522 842 568 progredi3
869 533 951 558 nam
977 524 1068 559 haec
1093 523 1207 559 verba
1234 524 1268 556 αἱ
1293 526 1369 566 περὶ
1394 522 1435 558 τὰ

205 580 349 625 αἰσθητὰ
363 582 588 626 στρεφόμεναι
601 582 717 624 τέχναι
735 584 774 617 et
791 585 921 625 θεωρία
935 585 1044 626 atque
1058 583 1150 618 haec
1166 582 1436 618 internoscendi

203 640 299 676 ratio
317 641 397 675 καθ’
414 637 434 675 ὃ
450 643 514 681 μὲν
527 641 687 676 συνάπτει
702 648 774 681 ταῖς
785 645 929 681 πολλαῖς
946 642 1080 683 τέχναις
1094 641 1185 684 (scil.
1202 639 1221 683 ἡ
1235 643 1434 685 γεωμετρία)

206 702 245 735 et
279 698 357 734 καθ’
387 698 406 735 ὃ
446 702 483 735 δὲ
516 701 559 744 τῇ
587 700 709 744 πρώτῃ
734 700 897 744 ἐπιστήμῃ
930 704 1055 745 γειτνιᾷ
1087 699 1185 747 (pag.
1215 704 1346 745 243‚16
1374 702 1435 745 SS),

205 759 332 803 quibus
350 760 536 796 vocabulis
560 760 867 804 contemplativae
885 763 922 795 et
940 760 1085 796 activae
1104 760 1327 805 geometriae
1345 760 1435 796 fines

205 818 468 865 describuntur,
486 819 541 855 ita
555 821 766 864 comparata
781 818 993 863 delectaque
1008 822 1101 863 sunt,
1122 822 1164 854 ut
1177 819 1345 855 Proclum
1361 819 1435 854 suis

205 877 423 914 Geminiana
457 890 539 924 pag.
569 881 776 922 243,12-25
798 878 1032 914 admiscuisse
1066 878 1116 915 sit
1143 889 1205 914 cur
1231 881 1435 915 censeatur.

306 937 481 973 Similiter
529 936 625 972 ratio
669 937 934 972 theorematum
975 937 1309 981 problematumque
1351 948 1434 982 pag.

208 1000 378 1042 79‚3—11
407 996 634 1038 aestimatur,
668 998 709 1031 ut
734 996 882 1031 tandem
908 996 956 1031 ad
980 997 1074 1032 hunc
1091 996 1207 1032 locum
1234 1007 1433 1040 recurram3

205 1055 443 1101 problematis
476 1055 569 1091 enim
595 1056 824 1091 theoremata
850 1066 937 1100 opus
964 1058 1062 1096 sunt,
1096 1055 1180 1099 quia
1207 1055 1263 1090 his
1291 1056 1433 1091 demon-

204 1115 392 1151 strandum
420 1117 477 1151 est
503 1114 730 1160 problemata
765 1117 866 1150 recte
902 1125 982 1150 esse
1010 1115 1143 1159 soluta3
1190 1125 1434 1160 quaecumque

204 1174 318 1220 igitur
344 1186 388 1210 ex
410 1174 595 1219 principiis
618 1173 888 1209 mathematicis
908 1174 1178 1212 concluduntur.
1206 1185 1271 1218 per
1290 1175 1433 1210 demon-

206 1233 406 1269 strationes
442 1236 553 1277 atque
584 1233 813 1268 theoremata
844 1232 1084 1277 accipiuntur,
1116 1236 1156 1268 ut
1187 1236 1287 1268 rect-e
1319 1233 1432 1267 κοινό-

205 1305 305 1335 τερον
331 1291 372 1326 τὸ
398 1290 563 1335 θεώρημα
588 1291 731 1327 dicatur
751 1292 810 1337 (cf.
832 1302 914 1336 pag.
937 1294 1041 1336 79,9).
1081 1291 1196 1335 Atqui
1214 1296 1431 1336 geometres,

204 1353 246 1387 ut
272 1350 601 1386 demonstrationes
632 1350 798 1386 inveniat
824 1354 935 1394 atque
963 1354 1162 1396 componat,
1196 1351 1433 1386 meditatione

170 1408 174 1413 '
204 1410 364 1458 (θεωρία)
401 1420 526 1446 carere
557 1420 628 1445 non
658 1412 797 1454 potest,
825 1420 932 1453 quam
964 1409 1090 1445 summi
1116 1419 1196 1445 esse
1221 1410 1333 1454 pretii
1360 1409 1432 1446 Ge-

204 1470 322 1506 minus
358 1469 427 1506 sibi
462 1471 708 1514 persuaserat.
774 1469 872 1514 Ergo
908 1469 1136 1504 theoremata
1172 1479 1260 1513 prae
1294 1469 1434 1513 proble-

206 1529 318 1565 matis
343 1528 552 1573 primarium
574 1527 742 1563 obtinent
766 1527 882 1562 locum
909 1527 970 1573 (cf.
989 1538 1072 1573 pag.
1103 1531 1156 1572 79,
1171 1529 1300 1571 7—11).
1353 1528 1433 1563 Iam

203 1587 468 1632 intellegimus,
505 1597 576 1630 qua
611 1586 655 1621 de
689 1596 801 1621 causa
835 1586 988 1621 Proclus
1022 1597 1105 1631 pag.
1142 1589 1271 1629 243,21
1298 1596 1335 1621 ss
1379 1586 1434 1621 sui

205 1646 364 1682 auctoris
400 1646 663 1681 ordinationem
698 1645 751 1680 sic
790 1644 1008 1686 defenderim
1052 1645 1231 1685 μάταιον
1270 1643 1333 1678 οὖν
1373 1644 1435 1678 τὸν

209 1709 355 1746 Γεμῖνον
394 1706 605 1739 αἰτιᾶσθαι
647 1702 695 1744 ὠς
738 1702 782 1737 τὸ
820 1703 1014 1747 θεώρημα
1053 1703 1311 1746 τελειότερον
1349 1703 1434 1737 εἶναι

206 1768 269 1798 τοῦ
294 1763 538 1807 προβλήματος
563 1764 719 1805 λέγοντα.
759 1766 813 1797 καὶ
840 1761 905 1805 γὰρ
934 1791 939 1796 .
962 1789 969 1796 .
990 1789 997 1796 .
1025 1762 1065 1796 τὸ
1089 1766 1314 1805 προηγεῖσθαι
1342 1788 1349 1795 .
1369 1788 1377 1795 .
1399 1789 1406 1797 .

204 1822 421 1857 ἀποδέδωκεν
455 1822 475 1857 ὁ
503 1827 647 1864 Γεμῖνος
671 1820 757 1856 κατὰ
784 1821 845 1865 τὴν
871 1823 1129 1865 τελειοτέραν
1156 1821 1284 1863 ἀξίαν.
1338 1820 1433 1867 Quo-

206 1893 285 1918 rum
310 1883 469 1918 locorum
502 1892 628 1918 sensus
657 1892 735 1917 cum
768 1892 873 1925 quam
906 1880 1091 1926 aptissime
1118 1883 1306 1926 congruat,
1334 1883 1434 1916 certo

206 1951 451 1985 quaecumque
487 1952 570 1986 pag.
605 1944 779 1982 79‚3—11
811 1941 983 1985 leguntur
1018 1951 1037 1975 e
1072 1939 1215 1976 Gemini
1250 1939 1435 1974 sententia

206 2000 413 2045 disceptata
439 2000 591 2043 ideoque
618 1999 701 2035 huic
727 1999 868 2035 auctori
894 1998 1088 2034 tribuenda
1115 2001 1206 2034 sunt.

301 2059 357 2094 At
393 2068 453 2100 ea,
495 2069 589 2102 quae
629 2069 713 2103 pag.
749 2062 924 2103 81,5-22
965 2058 1209 2102 explicantur,
1245 2057 1434 2093 admodum

204 2118 294 2155 vilia
319 2120 514 2162 tantopere
540 2118 810 2153 Elementorum
842 2117 1179 2161 interpretationem
1207 2116 1366 2161 sapiunt,
1393 2120 1433 2151 ut

209 2180 255 2215 ab
281 2178 360 2223 ipso
388 2177 637 2213 commentarii
655 2176 833 2221 scriptore
850 2176 996 2221 prolata
1014 2186 1094 2211 esse
1120 2175 1347 2220 perspicuum
1374 2175 1432 2220 sit,

206 2237 357 2275 tametsi
390 2247 472 2283 pag.
509 2240 698 2281 81,12-17
735 2247 779 2273 ea
812 2236 1071 2282 respiciantur,
1106 2246 1199 2280 quae
1232 2235 1293 2272 ille
1331 2234 1433 2271 modo

207 2308 294 2345 pag.
325 2299 496 2344 79,3-11
526 2295 680 2334 Gemino
706 2295 955 2342 adstipulatus
981 2296 1217 2333 disseruerat.
