1721 2633
683 126 924 159 ..27-

187 225 381 267 καραβολαὶ
420 234 501 269 pag.
536 226 591 268 78,
605 227 641 256 25
676 233 713 259 ss
755 226 1011 269 congeruntur,
1057 223 1216 260 eiusdem
1257 224 1418 260 auctoris

188 292 269 319 esse
294 283 388 318 hunc
414 283 529 319 locum
556 282 766 319 testimonio
799 285 894 329 sunt,
929 283 988 328 qui
1013 282 1119 319 initio
1150 284 1255 320 huius
1286 283 1417 329 capitis

188 344 286 387 (pag.
308 345 363 387 77,
376 341 409 389 8)
432 342 492 378 vel
510 342 598 378 alibi
625 341 683 378 (ci.
702 351 811 387 pagg.
831 346 950 387 58,13;
975 346 1056 388 201,
1072 347 1108 375 10
1126 344 1176 387 ss)
1207 343 1417 387 saepissime

188 401 334 437 easdem
360 401 541 438 similesve
568 400 724 446 collegit.

286 460 423 506 Quibus
462 461 570 496 rebus
608 461 813 505 perspectis
851 461 888 496 id
927 460 1145 496 examussim
1184 460 1417 496 constituisse

187 519 273 555 mihi
290 519 424 566 videor,
444 519 537 565 quod
556 520 756 565 complures
774 519 844 556 viri
862 520 995 566 docti*)
1015 519 1266 565 disquisitione
1285 519 1417 555 omissa

187 579 364 624 suspicati
406 582 507 615 sunt:
552 590 606 624 ea,
642 590 733 624 quae
769 580 920 615 Proclus
953 590 1061 625 pagg.
1092 582 1340 624 77,15—79,2
1374 579 1417 614 de

189 640 351 674 veterum
377 637 717 674 mathematicorum
744 638 910 674 doctrina
936 638 1099 682 tradidit,
1129 648 1151 673 a
1170 637 1323 675 Gemino
1350 638 1416 673 ori-

188 697 308 743 ginem
335 697 478 733 ducere.

285 755 455 792 Ceterum
488 756 559 792 hac
593 766 636 791 ex
669 766 709 792 re
748 756 954 801 perspicere
988 756 1076 792 licet
1112 756 1201 792 illud
1235 755 1417 800 indicium,

186 815 281 860 quod
312 816 483 861 Γ1111111161)1
509 815 531 851 1.
559 815 582 851 1.
615 826 698 862 pag.
726 818 770 850 23
791 826 808 851 s
835 825 880 851 ex
905 825 970 852 usu
987 814 1178 851 locutionis
1196 817 1228 849 οἱ
1249 818 1328 858 περί
1343 827 1419 849 τινα

187 874 395 919 expiscatus
422 885 503 910 esse
530 875 598 910 sibi
620 876 721 911 visus
749 885 794 910 ex
819 875 1044 920 tempore**)
1068 875 1115 911 ad
1141 874 1417 910 examinandum

187 933 383 979 proposuit,
411 944 558 979 prorsus
575 934 679 969 nihili
705 944 797 975 esse,
825 933 992 978 quoniam
1014 936 1133 969 utrum
1150 944 1279 969 nomen
1305 933 1418 969 solum

187 993 363 1029 afferatur
399 1004 445 1029 an
479 994 543 1029 illa
577 993 711 1029 locutio
746 997 940 1038 usurpetur
973 993 1117 1029 minime
1150 992 1280 1033 refert,
1318 992 1418 1028 cuius

186 1051 239 1087 rei
266 1052 431 1096 exempla
455 1052 519 1087 hos
540 1051 685 1088 Gemini
711 1052 810 1087 locos
834 1061 1118 1087 commemorem:
1147 1053 1179 1085 οἱ
1205 1054 1282 1094 περὶ
1308 1050 1417 1085 Σπεύ-

186 1121 311 1146 σιππον
324 1114 380 1146 καὶ
402 1110 611 1154 Ἀμφίνομον
629 1113 725 1158 (pag.
749 1112 877 1157 77,16),
905 1114 1008 1155 φησὶν
1033 1108 1053 1145 ὃ
1077 1111 1297 1151 Σπεύσιππος
1322 1112 1418 1157 (pag.

189 1173 348 1217 179,15),
381 1171 507 1215 ταύτης
537 1171 602 1214 γάρ
634 1171 703 1205 ἐστι
734 1174 789 1205 καὶ
816 1169 835 1205 ὁ
864 1170 1068 1212 Ἀμφίνομος
1100 1172 1158 1213 τῆς
1184 1170 1287 1213 δόξης
1319 1172 1416 1215 (pag.

187 1235 316 1277 202,10
336 1233 378 1275 s).
430 1231 501 1267 Sed
528 1231 572 1267 de
598 1231 666 1267 hoc
691 1230 761 1267 viri
787 1230 1056 1275 Francogallici
1089 1233 1288 1266 commento
1315 1230 1418 1274 plura

187 1300 365 1335 exponere
391 1300 462 1325 non
489 1292 546 1325 est
571 1289 676 1325 huius
702 1289 783 1325 loci.

286 1348 339 1383 At
362 1347 546 1392 Geminus,
574 1348 630 1383 cui
655 1350 788 1383 neutra
812 1348 954 1383 illorum
972 1348 1309 1383 mathematicorum
1337 1358 1417 1383 sen-

187 1407 307 1444 tentia
338 1407 428 1443 adeo
461 1407 595 1453 arrisit,
626 1410 667 1443 ut
698 1417 777 1446 eam
811 1407 1101 1452 amplecteretur,
1135 1407 1211 1443 sine
1242 1407 1349 1443 dubio
1379 1407 1416 1442 in

187 1467 240 1502 eis
266 1466 454 1502 habendus
481 1470 549 1510 est,
581 1466 642 1510 qui
668 1477 751 1511 pag.
786 1470 891 1510 79,12
922 1468 954 1500 οἱ
984 1468 1191 1509 διορίζοντες
1221 1465 1261 1500 τὸ
1287 1466 1416 1509 θεώρη-

186 1538 233 1566 μα
259 1528 324 1559 τοῦ
348 1523 592 1568 προβλήματος
617 1524 856 1561 nominantur.
903 1524 993 1561 Cum
1019 1535 1105 1561 vero
1132 1524 1307 1561 Geminus
1333 1535 1415 1569 pag.

190 1587 293 1629 77,15
329 1594 366 1619 ss
407 1594 528 1619 eorum
566 1583 722 1628 priorum
761 1584 1118 1629 mathematicorum,
1164 1584 1223 1628 qui
1258 1585 1303 1620 ab
1337 1584 1417 1628 ipso

188 1642 465 1688 dissentiebant,
491 1643 670 1679 rationem
688 1644 850 1685 haberet,
878 1654 923 1679 ne
951 1653 1011 1680 eos
1030 1643 1181 1689 quidem,
1208 1643 1417 1687 quibuscum

187 1702 413 1739 consociatus
440 1702 593 1738 alterum
621 1703 905 1747 propositionum
936 1713 1050 1748 genus
1077 1704 1123 1738 ab
1150 1703 1267 1738 altero
1294 1713 1416 1747 segre-

186 1761 298 1807 gavit,
332 1762 377 1796 ab
412 1760 535 1796 eodem
562 1761 749 1806 neglectos
776 1771 857 1797 esse
883 1764 1166 1797 consentaneum
1193 1764 1259 1797 est.
1311 1761 1417 1797 Unde

186 1820 360 1865 sequitur,
387 1822 427 1855 ut
444 1820 597 1855 Proclus
616 1820 822 1856 sententias
849 1823 887 1856 et
914 1830 1045 1865 eorum,
1073 1820 1132 1864 qui
1159 1822 1189 1853 οἱ
1213 1822 1419 1863 διορίζοντες

185 1889 267 1925 pag.
302 1880 404 1920 79‚11
439 1889 457 1914 s
503 1878 680 1924 dicuntur,
716 1881 754 1914 et
785 1882 997 1923 ceterorum,
1025 1879 1085 1923 qui
1110 1878 1417 1924 internoscebant,

184 1938 287 1975 velut
314 1939 345 1972 οἱ
371 1941 447 1982 περὶ
471 1938 669 1981 Ζηνόδοτον
698 1965 705 1972 .
725 1965 733 1973 .
755 1965 762 1972 .
796 1938 960 1982 διώριζον
991 1937 1031 1972 τὸ
1054 1938 1217 1982 θεώρημα
1243 1939 1308 1972 τοῦ
1333 1951 1417 1982 ποο-

185 1998 361 2041 βλήματος
386 1996 484 2044 (pag.
514 2000 620 2042 80,15
647 1999 715 2043 ss),
744 2007 788 2032 ex
820 2007 876 2042 eo,
913 2008 1017 2041 quem
1048 1997 1260 2042 saepissime
1292 1998 1417 2033 ducem

188 2060 336 2093 secutus
363 2059 431 2097 est,
460 2056 625 2102 cognitas
652 2056 829 2092 habuerit.
875 2055 1100 2102 Quamquam
1128 2059 1250 2091 autem
1277 2056 1415 2092 illorum

186 2115 523 2152 mathematicorum
558 2115 654 2151 ratio
688 2115 785 2151 haud
817 2116 863 2150 ab
896 2115 991 2151 omni
1022 2117 1126 2160 parte
1162 2126 1241 2151 cum
1274 2115 1415 2152 Gemini

299 2252 329 2290 *)
351 2252 393 2282 Cf.
416 2261 441 2282 e.
465 2261 494 2289 g.
517 2251 658 2289 Tannery
680 2252 698 2282 l.
722 2252 741 2282 l.
763 2260 832 2289 pag.
854 2252 900 2281 24.

289 2302 334 2340 **)
357 2303 394 2340 „a
414 2301 489 2331 titre
510 2300 697 2339 provisoire“
719 2301 785 2340 ipse
805 2300 907 2338 inquit
926 2301 946 2331 1.
967 2301 986 2332 l.
1008 2309 1078 2339 pag.
1100 2302 1140 2331 24
1160 2301 1215 2332 sub
1236 2300 1285 2331 fin.
