1721 2633
681 121 924 155 -69-

184 219 385 262 φιλοπόνως
401 219 493 261 λε’ξιν
509 218 586 253 τινὰ
603 219 669 254 τοῦ
695 222 839 260 Γεμίνου
866 223 1096 263 παρατίθησιν
1121 220 1157 254 ἐκ
1175 223 1235 264 τῆς
1251 220 1415 263 ἐπιτομῆς

184 280 340 323 <τῆς>
388 279 458 313 τῶν
500 280 735 313 Ποσειδωνίου
770 281 1088 323 Μετεωρολογικῶν
1133 279 1320 323 ἐξηγήσεως
1355 279 1417 321 τὰς

185 336 343 381 ἀφορμὰς
379 337 446 372 ἀπὸ
477 337 725 382 Ἀριστοτέλους
758 341 937 379 λαβοῦσαν
972 338 1035 374 alii
1068 338 1139 375 viri
1173 339 1309 382 docti*)
1344 339 1414 375 alio

183 396 287 432 modo
322 396 555 442 interpretati
590 400 685 433 sunt.
737 396 810 433 Sed
844 399 928 433 utut
961 407 1022 433 res
1056 407 1096 433 se
1129 398 1251 442 habet,
1288 397 1334 433 ad
1367 397 1414 443 id,

184 455 277 499 quod
302 455 405 491 nobis
430 455 653 501 propositum
680 458 747 501 est,
779 455 952 500 imprimis
984 456 1107 502 magni
1132 456 1289 492 interest
1313 456 1414 492 illum

183 514 310 558 locum,
347 524 451 558 quem
478 513 684 558 stagiritae
710 513 891 558 interpres
917 514 1089 559 servavit,
1127 525 1171 550 ex
1197 514 1412 551 Geminiano

182 572 272 608 libro
291 573 454 618 quodam,
472 572 510 607 in
529 582 596 616 quo
614 571 871 618 meterologica
887 574 1053 608 tractata
1072 576 1187 617 erant,
1216 573 1413 609 delibatum

183 642 273 667 esse.
325 632 462 669 Verum
497 631 586 666 illud
618 630 766 666 maximi
801 630 916 666 refert
942 631 1133 668 Geminum
1166 632 1204 667 in
1238 643 1280 668 eo
1314 631 1412 678 frag-

182 694 302 727 mento
325 690 516 727 evidenter
533 689 719 725 Posidonii
747 689 1002 725 auctoritatem
1022 693 1060 726 et
1078 691 1281 735 exemplum
1299 691 1411 736 sequi,

181 749 218 785 id
252 749 345 794 quod
383 751 421 784 et
456 749 500 784 ab
528 748 740 784 Alexandro
776 749 840 784 1.1.
867 759 949 795 pag.
971 753 1101 795 292730
1126 749 1240 785 Dielsv
1264 749 1412 786 disertis

181 808 300 845 verbis
326 806 439 849 οὕτως
463 835 492 843 ..
508 835 515 843 .
542 806 562 841 ὁ
590 812 732 848 Γεμῖνος
757 805 832 851 ἤτοι
858 806 878 841 ὁ
905 807 997 851 παρὰ
1024 812 1152 854 Γεμίνῳ
1181 808 1413 849 Ποσειδώνιος

182 867 388 904 asseverari
423 869 460 903 et
494 866 671 903 similibus
701 866 843 902 Laertii
874 866 1050 913 Diogenis
1083 867 1172 903 locis
1207 868 1267 914 (cf.
1294 867 1413 905 LVII

182 937 260 971 cap.
289 929 332 960 67
370 926 392 973 ξ
422 926 506 972 132)
543 926 743 962 confirmari
777 926 835 962 hic
869 926 1048 963 monuisse
1084 927 1174 963 satis
1208 930 1285 972 est,
1328 926 1413 971 quia

180 985 365 1030 Martini*)
393 986 487 1021 hanc
512 995 586 1021 rem
614 985 767 1030 amplius
793 987 1004 1030 persecutus
1031 988 1097 1022 est.

281 1045 352 1081 Sed
378 1043 607 1080 conferamus
632 1045 701 1081 hoc
725 1044 968 1090 fragmentum
994 1055 1073 1081 cum
1100 1044 1245 1082 Gemini
1270 1045 1411 1081 mathe-

179 1103 304 1139 matici
321 1103 500 1148 reliquiis:
529 1103 674 1148 saepius
692 1103 1000 1148 comprobavimus
1018 1103 1275 1149 intellegibilia
1301 1106 1410 1148 atque

178 1163 368 1200 sensibilia
392 1164 439 1200 ab
457 1163 519 1200 illo
538 1163 795 1200 mathematico
822 1162 1016 1209 diligenter
1041 1162 1219 1199 distincta
1246 1172 1342 1205 esse;
1370 1166 1411 1199 ut

179 1223 342 1268 exemplo
368 1224 486 1259 locum
514 1222 673 1268 afferam,
711 1223 811 1259 cuius
847 1223 889 1258 de
917 1222 1053 1268 origine
1081 1222 1223 1272 omnino
1251 1222 1412 1259 dubitari

177 1281 312 1327 nequit,
339 1281 400 1317 ille
417 1293 498 1328 pag.
519 1285 605 1328 38‚4
631 1292 648 1317 S
674 1281 795 1318 verbis
821 1285 958 1316 ποιοῦσι
985 1281 1047 1326 τὴν
1068 1283 1131 1323 μὲν
1148 1284 1225 1326 περὶ
1243 1281 1286 1315 τὰ
1304 1280 1411 1325 νοητὰ

175 1341 298 1382 μόνον,
325 1340 389 1384 τὴν
416 1343 451 1375 δὲ
472 1344 549 1385 περὶ
575 1341 618 1375 τὰ
644 1340 786 1385 αἰσθητὰ
811 1345 865 1376 καὶ
891 1341 1052 1376 τούτων
1079 1340 1186 1388 (scil.
1208 1342 1291 1375 τῶν
1317 1354 1411 1385 νοη-

177 1401 232 1433 τῶ
239 1402 272 1444 ν)
291 1400 583 1444 ἐφαπτομένην
602 1400 867 1447 (μαθηματικὴν)
886 1410 972 1436 usus
990 1410 1070 1436 cum
1088 1400 1182 1436 alias
1200 1400 1411 1445 disciplinas

176 1463 253 1495 tum
280 1459 517 1505 astrologiam
543 1459 638 1495 inter
674 1470 736 1496 eas
762 1458 891 1504 refert,
927 1459 1054 1504 quibus
1090 1458 1283 1495 sensibiles
1319 1469 1411 1504 quae

176 1518 363 1554 subiectae
389 1521 475 1554 sunt
497 1529 556 1555 res
580 1529 625 1554 ex
643 1518 948 1563 contemplativae
966 1519 1253 1555 mathematicae
1265 1515 1412 1564 'legibus

176 1577 395 1614 tractandae
421 1581 517 1614 sunt.
568 1578 706 1614 Eadem
745 1577 1013 1614 internoscendi
1039 1578 1136 1614 ratio
1163 1588 1209 1614 ex
1235 1577 1411 1623 Simplicii

175 1639 379 1684 iragmento
424 1637 657 1683 perspicitur3
711 1637 755 1673 cf.
788 1648 869 1683 pag.
900 1640 1025 1683 291,31
1056 1648 1093 1674 ss
1120 1638 1189 1674 D.:
1225 1636 1339 1681 ἐπειδὴ
1378 1636 1411 1682 (ἡ

176 1696 397 1744 ἀστρολογία)
442 1702 500 1741 τῆς
542 1699 618 1741 περὶ
650 1694 761 1731 ποσὸν
803 1698 858 1730 καὶ
901 1700 1045 1741 πηλίκον
1079 1699 1135 1730 καὶ
1178 1696 1281 1731 ποιὸν
1324 1694 1411 1730 κατὰ

177 1761 288 1800 σχῆμα
306 1761 457 1801 θεωρίας
479 1757 515 1803 (i.
533 1767 562 1792 e.
584 1755 866 1801 contemplativa
880 1756 1158 1801 mathematica)
1172 1756 1408 1799 ἐφάπτεται,

176 1815 316 1856 εἰκότως
342 1807 616 1860 ἀριθμητικῆς
641 1817 706 1848 καὶ
733 1818 983 1859 γεωμετρίας
1007 1815 1153 1859 ἐδεήθη
1192 1814 1298 1857 ταύτῃ
1323 1841 1330 1848 .
1355 1818 1410 1849 καὶ

176 1877 251 1918 περὶ
289 1874 443 1916 τούτων,
485 1871 536 1909 ὧν
575 1872 773 1916 ὑπισχνεῖτο
811 1874 932 1915 μόνων
974 1874 1083 1917 λόγον
1116 1868 1327 1915 ἀποδώσειν,
1368 1874 1409 1908 δι’

178 1935 445 1978 ἀριθμητικῆς
475 1947 517 1968 τε
543 1936 609 1967 καὶ
628 1936 876 1977 γεωμετρίας
892 1934 1161 1977 συμβιβάζειν
1179 1933 1294 1976 ἰσχύει.
1330 1932 1409 1980 Quo

177 1995 254 2029 loco
274 1996 427 2038 apparet
447 1992 715 2029 arithmeticam
735 1995 845 2037 atque
864 1993 1111 2038 geometriam,
1139 2003 1231 2037 quae
1250 1996 1409 2028 contem-

176 2052 351 2098 plativam
382 2052 678 2088 mathematicam
709 2051 885 2097 efficiunt,
918 2054 956 2087 et
985 2051 1086 2097 ipsas
1115 2051 1240 2097 putari
1269 2052 1407 2088 mathe-

178 2112 334 2148 maticae
359 2111 565 2157 provincias
593 2111 705 2147 certis
723 2111 890 2147 terminis
908 2111 1213 2157 circumscriptas,
1244 2111 1292 2147 ad
1317 2121 1407 2157 quas

277 2260 306 2299 *)
328 2259 508 2299 Nuperrime
528 2259 668 2298 Edgarus
690 2259 823 2295 Martini=
845 2259 959 2290 amicus
983 2268 1077 2297 meus,
1098 2259 1135 2290 de
1154 2260 1211 2290 hoc
1232 2259 1405 2298 fragmento

179 2313 321 2342 accurate
327 2310 488 2349 disseruit;
498 2310 534 2340 cf.
542 2313 658 2349 quaest.
668 2309 897 2348 Posidonianae,
905 2310 1024 2349 „Leipz.
1032 2310 1136 2341 Stud.“
1145 2314 1166 2341 t.
1176 2311 1212 2341 17
1219 2319 1288 2349 pag.
1296 2310 1353 2340 373
1365 2318 1403 2340 ss.
