1721 2633
683 125 924 158 ..35-

190 221 309 259 nullas
336 220 559 267 geometriae
576 220 843 267 propositiones
867 220 1094 259 examinaret
1120 218 1229 267 atque
1256 232 1300 259 ea
1325 221 1421 268 prin-

191 281 286 326 cipia
313 280 487 321 adiceret,
519 291 612 326 quae
638 291 704 317 sua
735 281 878 327 quidem
896 282 1079 318 sententia
1106 292 1129 317 a.
1153 282 1421 318 mathematicis

189 339 307 376 tacite
339 341 569 386 peterentur,
602 340 688 385 quia
718 341 771 378 eis
803 351 927 377 carere
958 351 1028 377 non
1053 343 1214 387 possent.
1265 340 1422 387 Quorum

190 410 235 435 ex
253 409 400 434 numero
417 399 510 435 haec
528 399 623 445 apud
638 400 808 436 Proclum
826 400 1091 445 cognoscimus:
1119 398 1171 435 ὅτι
1198 400 1261 434 δύο
1279 399 1422 435 εὐθειῶν

190 457 231 492 τὰ
269 456 357 492 αὐτὰ
394 457 553 503 τμήματα
580 456 644 493 οὐκ
669 458 760 494 ἔστιν
786 462 882 506 (pag.
911 463 992 502 214,
1005 464 1041 493 21
1076 458 1130 507 s);
1166 457 1221 494 ὅτι
1256 456 1319 492 οὐκ
1353 459 1423 493 ἔστι

190 518 254 553 δύο
273 524 505 564 περιφερειῶν
521 519 559 554 ἓν
576 520 691 563 τμῆμα
708 518 829 554 κοινὸν
847 521 967 566 (pagg.
988 522 1069 566 216,
1082 525 1118 554 12
1132 522 1171 556 et
1186 521 1266 565 215,
1282 518 1422 566 10—13),

189 578 360 619 διαβάλλει
387 577 420 619 (ὁ
438 578 566 621 Ζήνων
584 579 646 621 τὴν
664 577 852 624 ἀπόδειξιν)
878 578 927 620 ὠς
952 578 1271 622 προλαμβάνουσάν
1298 591 1328 611 τι
1353 582 1424 612 τῶν

188 634 344 681 ὕστερον,
373 635 442 671 ἀπὸ
470 641 535 672 τοῦ
561 638 727 679 δοθέντος
751 640 890 682 σημείου
908 642 949 682 τῇ
966 640 1106 681 δοθείσῃ
1124 635 1241 683 εὐθείᾳ
1260 635 1422 683 [εὐθείαν]

187 696 275 740 πρὸς
300 696 410 741 ὀρθὰς
440 696 580 740 ἀγαγεῖν
606 700 699 743 (pag.
720 701 800 745 217,
816 699 958 744 21—23).

287 755 342 791 At
361 755 578 792 Posidonius
596 756 756 792 ostendit
783 766 905 792 omnes
923 755 1196 801 propositiones,
1223 766 1313 799 quas
1340 766 1423 801 geo-

188 815 314 851 metris
338 826 426 861 opus
445 826 526 852 esse
540 815 743 861 Epicureus
761 815 963 852 firmissime
982 817 1273 861 asseveraverat,
1293 826 1423 861 reapse

188 874 248 909 vel
274 874 326 909 eis
358 885 450 918 quae
477 875 585 920 vulgo
615 875 783 910 feruntur
807 875 992 919 principiis
1020 875 1197 911 contineri
1223 877 1287 911 aut
1312 874 1423 910 facile

189 943 233 968 ex
251 932 302 969 eis
322 933 487 969 concludi
503 943 620 979 posse,
639 933 740 969 6111118
759 933 813 969 rei
826 933 1036 970 testimonio
1055 934 1120 970 hos
1139 934 1236 970 locos
1255 932 1422 969 afferam:

189 997 291 1026 τοῦτο
320 993 358 1037 (i.
378 1003 407 1028 e.
436 992 595 1028 Zenonis
621 992 834 1037 propositio)
871 993 1003 1036 τρόπον
1037 992 1111 1027 τινὰ
1136 996 1361 1036 προείληπται
1386 993 1424 1027 ἐν

189 1059 262 1092 ταῖς
284 1049 405 1095 ἀρχαῖς
433 1077 583 1085 ......
611 1054 665 1084 καὶ
691 1050 756 1094 γὰρ
775 1049 795 1085 ὁ
814 1055 873 1095 τῆς
891 1051 1023 1092 εὐθείας
1041 1050 1182 1095 ὁρισμὸς
1199 1055 1305 1085 τοῦτο
1332 1051 1421 1093 εἶχεν

189 1112 284 1156 (pag.
313 1114 443 1155 215,14
470 1110 521 1156 SS)
554 1111 614 1146 vel
645 1108 698 1144 ὅτι
732 1110 769 1144 ἐν
803 1117 874 1151 τοῖς
908 1109 1063 1153 αἰτήμασι
1097 1112 1203 1144 τοῦτο
1236 1109 1422 1154 προδήλως

188 1169 340 1212 εἴληπται
366 1173 440 1202 κτλ.
469 1169 567 1215 (pag,
596 1172 676 1211 215,
689 1174 729 1202 24
754 1171 816 1213 SS).

283 1227 426 1264 Deinde
444 1227 623 1273 Epicureo
643 1228 696 1264 sic
716 1227 921 1273 disputanti
939 1227 1003 1268 ἕως
1021 1229 1056 1262 δὲ
1075 1226 1117 1262 ἂν
1134 1226 1179 1271 μὴ
1199 1226 1420 1272 ἀποδεικνύῃ-

186 1300 241 1320 ται
267 1286 306 1320 τὸ
334 1285 396 1329 τὴν
422 1286 605 1330 διάμετρον
631 1289 709 1328 δίχα
736 1288 867 1327 τέμνειν
894 1286 957 1321 τὸν
982 1287 1124 1327 κύκλον,
1162 1285 1242 1321 οὐδὲ
1269 1286 1309 1321 τὸ
1335 1300 1419 1330 προ-

186 1349 340 1387 κείμενον
383 1344 593 1389 δειχθήσεται
635 1347 729 1391 (pag.
769 1348 898 1390 216,17
933 1344 984 1391 88)
1026 1345 1163 1381 stoicus
1202 1345 1419 1382 adversatus

186 1405 349 1440 declarat
375 1414 439 1439 eas
457 1403 730 1449 propositiones,
758 1403 789 1439 si
807 1404 1039 1448 adderentur,
1068 1407 1132 1439 aut
1158 1404 1267 1449 plane
1296 1415 1419 1450 super-

184 1463 276 1499 fluas
310 1473 406 1509 esse,
439 1462 523 1508 quia
555 1462 815 1499 demonstratio
847 1465 949 1498 recte
975 1462 1158 1508 procedat,
1185 1462 1332 1499 etiamsi
1357 1474 1418 1499 ne-

186 1524 383 1568 glegantur
402 1522 460 1567 (cf.
479 1533 560 1568 pag.
580 1526 660 1568 216,
674 1527 710 1556 22
728 1521 771 1569 s),
791 1525 855 1558 aut
876 1521 1072 1568 geometris
1092 1522 1250 1568 maligne
1270 1523 1421 1568 supponi

186 1584 308 1627 (pagg.
351 1580 675 1627 217,24-218‚3),
720 1591 788 1625 quo
827 1580 970 1617 facilius
1009 1581 1260 1617 mathematici
1298 1582 1419 1617 redar-

186 1643 355 1686 guantur.
406 1641 563 1685 Insuper
588 1640 782 1685 Epicurum
814 1640 941 1685 ipsum‚
969 1639 1183 1684 disciplinae
1208 1640 1418 1686 principem,

187 1699 408 1735 concessisse
447 1699 561 1735 multa
600 1699 699 1734 nulla
738 1698 810 1735 alia
850 1699 894 1734 de
934 1708 1046 1734 causa
1085 1698 1196 1744 sumi,
1239 1710 1345 1743 quam
1379 1702 1420 1735 ut

185 1758 389 1803 posteriora
414 1758 498 1795 inde
525 1757 767 1794 efficerentur.

284 1817 443 1854 Similem
474 1817 765 1862 philosophorum
798 1816 1059 1852 dissensionem
1095 1828 1205 1862 pagg.
1240 1820 1417 1862 277‚25-

187 1879 315 1921 279,11
335 1875 542 1921 reperimus,
561 1876 621 1911 ubi
636 1875 747 1919 aliqui
767 1877 869 1919 (τινὲς
886 1886 969 1920 pag.
991 1878 1071 1916 277,
1085 1878 1137 1919 25)
1157 1886 1179 1910 a
1192 1876 1419 1919 problemate

185 1935 338 1979 quodam
353 1934 470 1970 exorsi
487 1934 523 1969 id
542 1934 633 1971 solvi
647 1945 755 1979 posse
769 1936 916 1980 negant,
934 1933 1005 1970 nisi
1023 1933 1246 1979 geometriae
1266 1934 1421 1970 studiosi

186 1996 390 2040 supponant
422 1996 561 2030 rectam
594 1994 652 2031 vel
682 1993 965 2040 magnitudinem
992 1992 1250 2040 geometricam
1277 1993 1316 2029 in
1341 1993 1419 2030 infi-

184 2054 299 2089 nitum
324 2053 434 2089 dividi
453 2063 567 2097 posse,
598 2057 639 2089 ut
665 2064 745 2099 pag.
774 2056 884 2098 278,2
910 2056 949 2088 et
976 2057 1012 2086 10
1030 2064 1066 2089 ss
1097 2052 1175 2088 fuse
1203 2053 1417 2097 explicatur.

184 2111 369 2157 Principia
401 2111 530 2156 igitur,
565 2123 657 2156 quae
688 2112 841 2157 vulgata
875 2114 973 2157 sunt,
1009 2112 1057 2147 ad
1090 2112 1419 2148 demonstrationes

185 2170 278 2207 satis
305 2170 569 2207 confirmandas
596 2181 823 2214 nequaquam
850 2170 1026 2206 sufficere.

284 2230 414 2267 Nonne
440 2229 533 2265 idem
560 2240 582 2264 a
609 2230 754 2265 Zenone
789 2231 916 2266 contra
943 2232 1149 2274 geometras
1177 2229 1312 2265 dictum
1339 2239 1418 2265 esse

187 2288 238 2325 eis
265 2289 355 2326 locis
381 2289 484 2326 modo
510 2288 769 2336 perspeximus,
805 2299 953 2334 quorum
980 2289 1024 2325 de
1052 2288 1191 2335 origine
1217 2288 1418 2326 nominibus

1202 2347 1237 2377 3*
