1721 2633
699 95 941 128 —23—

206 195 361 232 stionem
385 192 628 239 progreditur,
655 192 693 229 in
717 193 954 239 postulatane
973 204 1020 230 an
1037 193 1075 229 in
1094 192 1277 229 axiomata
1295 191 1440 239 singula

204 253 381 299 principia
413 252 619 304 referenda¹
641 252 729 299 sint,
765 253 867 289 cuius
901 252 956 289 rei
990 253 1203 289 documento
1240 253 1441 299 complures

205 313 302 348 locos
330 311 459 348 afferre
485 312 582 348 licet.
636 311 691 348 Of.
718 323 827 358 pagg.
860 314 943 357 182,
964 317 1003 346 22
1025 322 1079 354 ss;
1119 315 1203 354 184,
1223 318 1243 346 4
1267 323 1321 354 ss;
1360 315 1440 357 185,

205 376 224 405 8
245 381 299 413 ss;
331 374 409 416 188,
432 376 461 411 ὅ,
484 376 517 404 11
549 370 646 406 alibi.
699 371 773 407 Sed
798 371 1053 407 mathematici
1080 371 1124 407 de
1149 371 1330 407 nonnullis
1356 382 1438 416 pro-

204 429 446 474 positionibus
465 429 502 465 in
521 429 685 466 diversas
704 430 910 466 sententias
929 430 1178 474 discedebant,
1204 433 1326 465 utrum
1343 429 1438 474 prin-

206 489 378 535 cipiorum
404 499 551 526 numero
579 488 795 525 inserendae
814 488 887 525 sint
905 499 1030 530 necne,
1056 499 1163 533 quam
1181 487 1440 525 dissensionem

205 560 226 582 a
246 548 398 584 Gemino
417 559 526 592 quam
545 547 824 593 diligentissime
844 548 1026 593 agitatam
1044 551 1156 592 atque
1181 548 1341 584 decisam
1359 559 1439 585 esse

206 617 338 652 magna
363 607 522 643 locorum
550 606 655 651 copia
678 606 885 642 testimonio
909 611 978 643 est.
1022 608 1157 651 Itaque
1174 607 1236 652 ille
1254 611 1292 642 et
1311 611 1440 644 contra

206 666 344 702 alteros
370 676 504 710 eorum,
532 665 593 710 qui
612 665 658 701 ad
677 676 731 711 ea,
758 665 886 710 quibus
903 666 1004 702 nulla
1024 665 1334 702 demonstratione
1352 676 1439 711 opus

205 727 277 770 est,
313 728 529 770 argumenta
562 725 631 760 sibi
663 724 879 771 finxerunt„
901 728 939 761 et
971 727 1097 761 contra
1133 725 1283 770 alteros,
1318 725 1378 769 qui
1403 725 1440 761 in

204 784 313 820 rebus
329 794 395 829 per
413 794 452 820 se
471 784 567 819 haud
585 783 785 829 perspicuis
804 784 869 820 illa
886 784 1139 830 neglexerunt,
1165 794 1230 819 sua
1256 783 1440 820 sententia

206 844 393 889 proposita
418 854 500 889 pag.
522 848 654 889 183,13
672 854 710 880 ss
737 846 775 879 et
800 854 883 889 pag.
908 847 986 889 194,
1001 849 1019 877 9
1044 854 1080 880 ss
1106 845 1221 880 verba
1238 843 1341 880 iacit.
1387 844 1441 879 At

206 903 457 947 Tanneryl.1.
484 913 566 948 pag.
590 905 633 937 27
661 903 898 947 posteriorem
924 903 1040 938 locum
1066 903 1164 949 (pag.
1189 904 1271 949 194)
1298 913 1318 938 e
1345 913 1438 939 com-

204 961 382 997 mentario
408 962 526 1006 Pappi
553 962 706 1006 quodam
732 961 878 998 fluxisse
906 961 1104 1007 contendit,
1137 962 1230 1006 quod
1257 961 1438 1007 specimen

204 1020 522 1056 demonstrationis
540 1020 732 1065 Apollonio
750 1022 936 1065 probatae,
956 1031 1048 1065 quae
1066 1021 1149 1056 inde
1164 1031 1186 1056 a
1200 1031 1282 1066 pag.
1303 1024 1381 1066 194,
1400 1024 1437 1054 20

206 1079 317 1115 verbo
336 1082 444 1115 tenus
462 1078 630 1124 refertur,
648 1079 753 1114 nimis
772 1079 983 1124 interpretis
1003 1080 1126 1115 stilum
1144 1080 1336 1114 redoleret.
1364 1079 1437 1115 Sed

207 1138 298 1174 artis
316 1138 493 1174 vocabula
511 1149 533 1173 a
553 1137 680 1173 stoicis
702 1137 843 1174 usitata
862 1140 958 1184 (pag.
981 1140 1059 1183 194,
1083 1137 1114 1185 1)
1142 1149 1161 1173 e
1181 1138 1328 1175 Gemini
1345 1138 1436 1173 libro

206 1197 419 1242 deprompta
446 1207 527 1233 esse
553 1197 631 1232 loco
658 1197 761 1232 modo
794 1199 971 1242 tractato,
1007 1207 1099 1241 quae
1134 1200 1191 1233 est
1227 1197 1270 1233 de
1304 1197 1436 1242 princi-

204 1256 341 1302 piorum
356 1255 681 1302 significationibus
692 1258 787 1302 (pag.
801 1260 880 1301 181,
894 1258 1035 1301 16-24),
1051 1256 1265 1292 ostenditur.
1293 1255 1436 1292 Deinde

207 1316 321 1351 eidem
349 1315 610 1356 mathematici,
639 1316 854 1360 Apollonius
882 1318 920 1352 et
937 1316 1120 1357 Euclides,
1148 1326 1238 1360 quos
1263 1316 1324 1351 ille
1350 1327 1435 1361 pag.

211 1378 289 1417 183,
308 1380 343 1408 13
362 1385 398 1411 ss
424 1375 630 1420 impugnat,
663 1375 788 1410 eodem
815 1375 937 1411 ordine
963 1386 1046 1420 pag.
1078 1378 1145 1409 194
1172 1375 1287 1410 denuo
1314 1385 1435 1420 repre-

203 1434 408 1470 henduntur
441 1445 485 1469 ac
511 1434 717 1470 sententiae
745 1444 881 1481 eorum,
917 1437 959 1470 ut
986 1437 1071 1470 sunt
1097 1434 1437 1470 mathematicorum

203 1493 393 1539 principes,
421 1493 553 1529 iterum
578 1494 825 1538 reprobantur.

302 1552 411 1599 Quid,
448 1553 542 1597 quod
568 1552 680 1589 etiam
706 1554 835 1599 verba,
871 1553 954 1588 dum
980 1553 1084 1588 modo
1111 1554 1177 1589 hos
1204 1553 1302 1589 locos
1329 1563 1435 1589 accu-

203 1613 319 1648 ratius
338 1612 515 1651 conferas,
543 1612 729 1649 concinere
748 1612 857 1648 facile
876 1612 1160 1649 animadvertas!
1197 1612 1306 1648 Certe
1323 1614 1437 1649 verba

202 1683 284 1718 pag.
308 1675 386 1718 194,
410 1676 504 1705 1--20
530 1671 683 1708 Gemino
711 1672 831 1707 deberi
858 1672 987 1717 negari
1013 1682 1084 1707 non
1109 1674 1245 1717 potest,
1278 1672 1339 1716 qui
1364 1682 1436 1708 non

202 1733 283 1777 plus
310 1732 384 1768 tria
410 1732 597 1776 postulata
631 1732 784 1777 agnovit
816 1731 875 1775 (cf.
903 1742 986 1777 pag.
1018 1735 1102 1777 185,
1124 1736 1142 1764 8
1170 1733 1234 1778 ss),
1268 1734 1436 1776 quartum

207 1791 439 1835 quintumque
465 1791 737 1826 Elementorum
769 1801 813 1826 ex
845 1801 967 1826 eorum
1000 1801 1147 1826 numero
1180 1791 1333 1836 expulit3
1371 1791 1434 1837 (cf.

202 1861 309 1896 pagg.
344 1854 423 1892 182,
443 1855 479 1884 21
503 1861 555 1892 ss;
595 1853 674 1894 183,
693 1855 732 1883 20
750 1860 801 1892 ss;
840 1854 920 1894 188,
944 1855 962 1882 9
984 1860 1037 1895 ss;
1067 1853 1147 1895 191,
1174 1855 1212 1883 25
1230 1850 1293 1897 ss).
1353 1850 1436 1897 Qua

203 1910 242 1945 in
267 1919 307 1944 re
333 1910 610 1946 mathematicos
628 1909 835 1945 Aristotele
853 1909 1079 1954 Platoneque
1104 1909 1284 1954 respectis
1306 1909 1343 1945 in
1361 1909 1434 1946 uni-

203 1979 345 2005 versum
385 1979 469 2014 pag.
506 1971 588 2013 192,
610 1973 627 2001 5
654 1979 690 2004 ss
739 1968 925 2009 admonet,
969 1979 1015 2004 ne
1054 1969 1148 2004 hanc
1183 1968 1434 2012 quaestionem

204 2027 358 2064 soluturi
383 2027 489 2063 nimis
516 2028 649 2064 leviter
674 2038 717 2063 ac
743 2030 880 2063 temere
904 2027 1168 2073 propositiones
1191 2027 1229 2063 in
1246 2027 1434 2073 principiis

203 2088 380 2131 habeant,
418 2086 585 2130 quoniam
618 2087 733 2122 multa
766 2087 879 2131 primo
915 2088 1044 2122 obtutu
1078 2086 1191 2122 menti
1226 2086 1318 2123 satis
1352 2098 1431 2132 per-

204 2146 329 2192 spicua
356 2156 437 2182 esse
463 2146 671 2193 videantur,
703 2148 866 2182 attamen
899 2146 1150 2191 disquisitione
1177 2149 1352 2183 accurata
1376 2156 1432 2182 re-

202 2206 384 2243 fellantur.
448 2205 576 2250 Neque
611 2206 722 2242 aliam
754 2206 944 2242 materiam
982 2206 1075 2242 idem
1107 2216 1192 2252 pag.
1230 2208 1311 2251 278,
1333 2211 1369 2239 12
1394 2216 1432 2242 ss

205 2266 395 2312 tractavit,
422 2275 500 2301 cum
527 2266 571 2302 de
598 2276 640 2302 eo
667 2266 848 2303 axiomate
874 2267 988 2303 verba
1014 2266 1165 2308 faceret,
1192 2277 1260 2312 quo
1278 2266 1335 2302 usi
1351 2277 1432 2313 pro-
