1721 2633
922 145 1160 177 ..16-

423 239 677 275 commentario
696 238 872 277 Geminus
898 240 1130 287 geodaesiam
1158 244 1197 277 et
1223 242 1383 287 opticam
1409 253 1487 279 cum
1514 253 1656 289 geome-

421 297 504 343 tria,
532 298 742 344 logisticam
769 302 807 335 et
825 299 1037 335 canonicam
1061 310 1139 336 cum
1158 300 1391 338 arithmetica
1410 301 1559 347 confert,
1585 313 1657 338 me-

421 358 610 394 chanicam
643 362 682 395 et
708 359 968 395 astronomiam
995 359 1116 396 neutri
1141 370 1301 396 seorsum
1333 361 1497 404 concilit3
1533 361 1578 397 cf.
1596 362 1657 397 Pr.

420 427 529 462 pagg.
550 420 659 459 39,20
685 428 740 460 ss3
769 421 856 458 40,9
883 428 939 459 ss3
969 421 1057 462 41‚3
1088 429 1133 454 ss.
1184 418 1314 455 Nonne
1336 420 1429 456 haec
1448 420 1656 457 distributio

418 476 528 520 plane
561 487 639 512 cum
670 487 715 512 ea
750 476 932 522 congruit,
967 487 1060 520 quae
1085 477 1122 512 in
1150 487 1229 522 cap.
1247 478 1472 515 LXXXIII
1503 479 1657 524 explica-

419 534 506 570 tur?
558 535 663 571 Unde
698 538 852 580 apparet
887 538 988 571 artes
1023 546 1045 571 a
1071 535 1200 571 Proclo
1235 547 1319 582 pag.
1348 540 1451 582 38,11
1488 548 1527 574 ss
1561 538 1657 574 haud

419 594 620 638 promiscue
648 594 864 635 enumerari,
892 594 957 630 sed
981 594 1040 630 hic
1067 605 1206 639 quoque
1231 595 1336 631 binas
1364 598 1464 632 certo
1491 596 1656 633 similitu-

419 652 513 689 dinis
539 653 681 690 vinculo
709 653 980 700 coniungendas
1007 663 1097 690 esse.

517 713 624 748 Haec
650 712 728 749 fere
755 715 850 758 sunt,
877 723 969 756 quae
997 722 1019 748 a
1038 712 1191 749 Gemino
1209 713 1246 749 111
1279 713 1485 749 universum
1512 714 1556 750 de
1584 715 1655 751 dis-

421 770 565 816 ciplinis
582 771 855 808 mathematicis
875 771 1065 816 disputata
1083 781 1164 807 esse
1183 774 1344 814 constat;
1364 772 1506 818 singula
1524 776 1656 819 autem,

419 841 512 874 quae
531 830 576 866 de
594 841 667 866 una
685 841 826 875 quaque
844 830 882 866 in
900 830 993 866 libro
1011 830 1273 866 mathematico
1292 830 1507 867 disseruerit
1525 832 1655 876 quidve

419 889 678 934 elaboraverit,
711 900 783 925 una
819 889 1022 935 geometria
1049 891 1204 934 excepta
1230 890 1274 924 ob
1300 892 1500 934 temporum
1525 890 1655 934 iniqui-

417 950 536 984 tatem
554 948 662 993 plane
681 948 899 994 ignoramus,
931 948 986 983 ita
1012 950 1053 983 ut
1071 958 1116 983 ex
1134 948 1239 984 huius
1258 948 1472 993 disciplinae
1491 949 1654 994 exemplo

419 1010 568 1044 ceterae
595 1018 719 1044 omnes
745 1007 962 1043 iudicandae
988 1006 1072 1043 sint.

606 1115 628 1163 ξ
655 1121 686 1152 2.
712 1117 776 1152 De
802 1115 1086 1162 geometricis
1113 1114 1463 1152 definitionibus.

513 1186 571 1220 Ea
606 1185 690 1221 libri
724 1185 933 1222 Geminiani
966 1195 1069 1229 pam,
1109 1195 1202 1228 quae
1238 1185 1283 1220 de
1318 1185 1520 1230 geometria
1560 1188 1651 1227 erat,

417 1244 572 1288 carptim
608 1244 751 1288 quidem
787 1243 921 1279 idcirco
957 1242 1167 1287 recuperari
1204 1246 1338 1288 potest,
1373 1243 1466 1287 quod
1503 1244 1654 1279 Proclus

418 1302 567 1346 primum
604 1303 874 1338 Elementorum
908 1302 1039 1337 librum
1074 1301 1342 1346 interpretatus
1376 1302 1582 1338 necessario
1618 1301 1655 1338 in

418 1371 495 1396 eam
528 1361 723 1406 praecipue
756 1361 913 1396 animum
946 1359 1110 1396 advertit
1138 1370 1183 1395 ac
1208 1361 1323 1395 multa
1349 1360 1393 1395 de
1419 1361 1489 1396 hac
1516 1361 1654 1396 mathe-

416 1420 575 1457 maticae
593 1420 780 1466 provincia
795 1419 1008 1466 posteritati
1022 1417 1187 1454 tradidit.
1215 1418 1502 1464 Dispositionem
1521 1422 1654 1465 autem,

416 1490 523 1523 quam
550 1489 573 1514 a
599 1479 754 1515 Gemino
781 1480 1016 1515 observatam
1049 1488 1131 1513 esse
1163 1478 1241 1514 veri
1266 1478 1486 1514 simillimum
1513 1481 1582 1519 est,
1611 1489 1656 1514 ex

417 1538 640 1584 geometriae
659 1538 903 1584 descriptione
923 1539 1020 1584 (pag.
1049 1538 1135 1582 57,9
1154 1538 1207 1581 ss)
1231 1546 1372 1573 sumere
1398 1536 1497 1579 licet,
1526 1536 1655 1582 quippe

416 1608 509 1641 quae
528 1608 669 1633 canona
687 1598 872 1642 exhibeat,
901 1608 1006 1642 quem
1026 1598 1239 1641 spectantes
1259 1596 1357 1633 haud
1383 1596 1492 1632 facile
1518 1607 1541 1632 a
1567 1606 1654 1633 vero

416 1656 678 1692 aberrabimus.
719 1656 837 1703 Quam
865 1657 908 1692 ob
935 1666 1012 1692 rem
1039 1666 1061 1691 a
1087 1657 1221 1699 puncto
1247 1665 1360 1699 usque
1387 1655 1434 1690 ad
1461 1655 1655 1690 solidorum

416 1716 635 1752 varietatem
655 1715 840 1761 progressi
858 1715 916 1761 (cf.
936 1726 1018 1761 pag.
1047 1718 1103 1760 57,
1116 1713 1247 1761 14-16)
1276 1724 1331 1760 ea,
1349 1723 1443 1758 quae
1461 1724 1506 1749 ex
1523 1713 1654 1759 princi-

415 1774 486 1819 piis
513 1775 645 1819 (ἀρχαὶ)
672 1775 892 1816 efficiuntur,
920 1776 967 1810 ab
993 1775 1085 1819 ipsis
1113 1774 1284 1820 religiose
1303 1773 1570 1817 distinguamus
1596 1772 1655 1817 (cf.

414 1833 499 1869 ibid.
528 1834 552 1870 l.
581 1835 739 1881 21—26)
767 1837 878 1879 atque
897 1834 1098 1880 separatim
1126 1834 1171 1870 de
1196 1832 1364 1877 materia,
1393 1841 1486 1876 quae
1513 1841 1654 1877 geome-

415 1893 511 1928 triae
538 1894 664 1929 subest
691 1893 753 1939 (cf.
780 1893 826 1929 ib.
855 1893 877 1929 l.
906 1894 979 1939 26),
1014 1892 1214 1938 separatim
1241 1892 1285 1927 de
1312 1890 1507 1927 axiomatis
1532 1892 1654 1935 postu-

415 1951 575 1996 latisque
608 1952 646 1997 (l.
682 1951 754 1998 27),
783 1952 983 1997 separatim
1010 1952 1055 1988 de
1082 1951 1263 1988 materiae
1293 1949 1579 1995 proprietatibus
1611 1960 1655 1985 ac

414 2011 644 2056 passionibus
665 2012 788 2059 (πάθη)
808 2011 1057 2056 quaestionem
1080 2011 1318 2048 instituamus
1344 2009 1403 2055 (cf.
1429 2019 1511 2055 pag.
1540 2010 1597 2050 58,
1613 2009 1653 2053 1).

513 2070 571 2106 Ac
586 2071 738 2116 primum
752 2071 896 2115 quidem
912 2071 1190 2107 distributiones
1208 2070 1402 2106 formarum
1421 2069 1469 2111 (αἱ
1483 2068 1657 2112 διαιρέσεις

415 2133 486 2163 τῶν
511 2131 613 2165 εἰδῶν
640 2128 710 2165 ἀπὸ
737 2135 810 2165 τῶν
837 2134 950 2174 γενῶν
975 2141 1060 2176 pag.
1091 2134 1147 2176 57,
1160 2135 1196 2163 22
1223 2130 1255 2175 S)
1289 2131 1327 2164 et
1354 2126 1582 2164 definitiones
1609 2128 1655 2171 (οἱ

414 2187 577 2232 ὁριστικοὶ
602 2190 715 2236 λόγοι)
742 2190 779 2225 111
805 2191 1080 2227 Elementorum
1111 2187 1371 2225 commentario
1397 2185 1654 2233 indagantibus

414 2247 635 2283 luculentum
662 2250 719 2284 est
745 2239 945 2293 exemplum
964 2248 1143 2284 linearum
1162 2247 1394 2292 disceptatio,
1420 2246 1458 2281 in
1484 2256 1555 2289 qua
1582 2245 1653 2281 Ge-

415 2306 531 2343 minus
549 2307 634 2343 inde
654 2317 676 2343 a
694 2308 804 2344 verbo
823 2309 948 2353 διαιρεῖ
971 2318 1054 2354 pag.
1085 2310 1165 2348 111,
1180 2311 1194 2340 1
1223 2316 1337 2351 usque
1363 2305 1411 2341 ad
1428 2315 1513 2351 pag.
1546 2308 1624 2348 113,
1638 2310 1655 2337 7
