1721 2633
744 355 948 427 Vita.

330 502 452 539 Natus
479 512 556 538 sum
575 501 726 539 Carolus
744 502 924 539 Ricardus
943 502 1058 539 Tittel
1085 513 1178 539 anno
1204 503 1239 539 h.
1258 514 1284 540 s.
1303 503 1464 541 LXXII

234 561 291 597 die
333 562 391 598 IV
428 571 538 597 mens.
579 560 676 607 Aug.
711 561 891 607 Dresdae,
933 563 1039 606 patre
1076 562 1250 598 Mauritio
1290 562 1461 606 Ricardo,

234 623 352 656 matre
379 619 516 656 Thecla
548 631 567 656 e
601 623 712 666 gente
744 620 946 657 Naumann.
998 620 1125 657 Fidem
1155 621 1328 667 profiteor
1354 632 1462 658 evan-

233 679 396 726 gelicam.
430 678 655 715 Litterarum
670 679 857 716 elementis
870 680 1044 716 imbutum
1062 691 1118 717 me
1140 683 1325 727 parentes,
1349 680 1408 726 qui
1421 680 1462 716 li-

233 741 341 776 beros
364 750 471 784 quam
488 738 741 776 liberalissime
760 739 914 776 educare
933 739 1139 785 studebant,
1166 739 1464 785 praeceptoribus

234 798 414 845 gymnasii
427 798 525 834 illius
540 798 761 835 Dresdensis
775 798 1015 844 tradiderunt,
1042 799 1136 843 quod
1148 799 1290 835 nomine
1304 799 1465 836 Sanctae

241 857 367 894 Crucis
395 859 607 893 exornatum
636 860 702 893 est.
743 857 852 894 Cuius
879 857 1091 902 disciplinae
1115 859 1248 903 gradus
1275 860 1464 903 postquam

234 916 348 961 primo
374 916 559 952 Friderico
586 916 794 962 Hultschio,
822 917 949 953 deinde
977 916 1237 962 Stiirenburgio
1263 916 1465 953 rectoribus

237 975 334 1011 intra
362 978 443 1011 octo
471 985 585 1011 annos
610 975 827 1021 percucurri,
861 986 946 1013 vere
972 976 1059 1012 anni
1078 977 1118 1022 h.
1147 987 1175 1012 s.
1199 975 1296 1014 XCI
1315 986 1467 1013 examen

235 1046 303 1079 quo
352 1034 533 1071 iudicatur
573 1034 768 1070 maturitas
809 1034 987 1079 superavi.
1050 1034 1271 1071 Testimonio
1306 1034 1466 1072 munitus

237 1096 400 1130 ornatum
443 1094 577 1139 sumpsi
612 1094 807 1130 militarem
843 1097 952 1138 atque
985 1105 1050 1139 per
1084 1105 1216 1130 annum
1252 1094 1290 1130 in
1323 1094 1466 1141 legione

236 1153 367 1191 OVHI
401 1153 555 1189 militiae
592 1164 718 1190 munus
750 1156 941 1189 exsecutus
973 1163 1059 1189 sum.
1113 1153 1204 1189 Tum
1234 1153 1399 1199 Lipsiam
1430 1153 1466 1189 in

237 1212 357 1248 sedem
391 1212 596 1248 litterarum
635 1212 819 1257 profectus
855 1223 947 1253 sum,
983 1212 1044 1248 ubi
1078 1212 1276 1248 docuerunt
1310 1223 1366 1247 me
1397 1211 1468 1248 viri

235 1271 474 1307 illustrissimi
516 1271 655 1316 Arndt,
705 1272 930 1317 Brugmann,
977 1271 1114 1317 Elster,
1157 1271 1314 1318 Heinze,
1360 1270 1467 1316 Holz,

234 1330 416 1383 Immisch,
435 1330 593 1375 Lipsius,
614 1331 817 1372 Overbeck,
843 1331 1020 1376 Ribbeck,
1038 1330 1115 1366 Ric.
1133 1330 1298 1375 Richter,
1317 1329 1466 1366 Schnei-

236 1390 316 1437 der,
362 1390 571 1431 Schreiber,
617 1390 763 1435 Seydel‚
804 1390 964 1435 Sievers,
1002 1389 1168 1435 Volkelt,
1211 1389 1466 1435 Wachsmuth,

237 1449 390 1485 Wundt.
455 1450 659 1485 Praeterea
696 1449 956 1494 proseminario
994 1449 1173 1495 philologo
1212 1459 1278 1493 per
1310 1448 1368 1484 bis
1403 1459 1468 1484 sex

237 1519 380 1545 menses
398 1509 605 1545 Immischio
632 1508 844 1545 moderante
871 1508 1050 1553 ascriptus
1069 1519 1166 1544 eram
1185 1507 1334 1552 sodalis3
1361 1507 1466 1544 semi-

237 1569 332 1604 narii
357 1569 531 1614 philologi
564 1569 888 1604 exercitationibus
918 1579 983 1614 per
1013 1568 1086 1603 tria
1117 1567 1309 1603 semestria
1339 1577 1467 1613 regen—

237 1628 333 1664 tibus
368 1628 507 1673 Lipsio,
541 1627 760 1670 Ribbeckio,
787 1627 1065 1664 Wachsmuthio
1103 1626 1236 1662 sodalis
1263 1626 1467 1662 ordinarius

236 1682 405 1723 interfui.v
436 1689 486 1723 Inv
507 1688 699 1723 seminario
725 1687 897 1723 historico
916 1686 1182 1723 Wachsmuthii
1208 1686 1379 1730 auspiciis
1403 1696 1468 1730 per

237 1750 296 1783 ter
330 1759 394 1783 sex
427 1758 568 1783 menses
603 1747 742 1783 litteris
777 1758 911 1784 vacare
951 1746 1036 1782 mihi
1070 1746 1186 1787 licuit3
1223 1748 1264 1781 ut
1296 1745 1468 1781 societati

237 1817 303 1852 per
330 1807 483 1852 quinque
511 1806 702 1844 semestria
731 1807 963 1852 interessem,
989 1805 1145 1851 benigne
1176 1804 1355 1841 concessit
1380 1805 1468 1841 Rib-

237 1867 397 1903 beckius.
451 1867 511 1903 Ad
541 1867 826 1903 exercitationes
857 1865 1051 1903 historicas
1079 1864 1280 1906 (honorius,
1314 1864 1362 1899 ad
1387 1874 1467 1910 ger-

236 1926 399 1963 manicas
416 1926 582 1971 Holzius,
611 1926 658 1962 ad
686 1926 984 1971 proseminarium
1002 1924 1242 1971 germanicum
1262 1923 1467 1960 Sieversius

237 1986 390 2022 comiter
414 1996 470 2022 me
495 1986 730 2022 admiserunt.
769 1985 908 2032 Quibus
933 1985 1023 2022 viris
1050 1983 1266 2019 doctissimis
1293 1986 1468 2028 quantum

237 2044 397 2091 debeam,
411 2056 592 2090 nunquam
606 2045 767 2082 desinam
780 2045 977 2088 reminisci;
992 2043 1165 2089 imprimis
1180 2045 1301 2079 autem
1311 2043 1466 2078 Wachs-

237 2104 422 2151 muthium,
449 2104 511 2149 qui
536 2105 880 2142 benevolentissime
899 2104 1023 2141 studia
1041 2114 1121 2139 mea
1139 2102 1297 2149 fovebat,
1326 2112 1467 2146 semper

236 2175 435 2211 prosequar
459 2167 569 2211 grata
594 2164 775 2202 memoria.

682 2305 693 2307 -
699 2299 867 2312 ————<-me
873 2299 1016 2312 0—————-
