1721 2633
733 141 974 174 -57-

240 236 516 274 commentarius
550 237 587 274 in
613 236 734 283 Apoll.
766 237 876 283 Perg.
905 247 980 274 con.
1030 237 1130 284 (tom.
1158 237 1199 273 II
1224 248 1307 284 pag.
1339 239 1419 282 170,
1436 241 1473 271 26

239 296 383 342 Heib.),
418 296 559 333 scilicet
586 296 606 341 ἡ
632 298 703 331 τῶν
732 295 949 340 μαθημάτων
983 300 1124 341 θεωρία.
1177 298 1258 333 Hoc
1292 297 1377 341 quid
1403 297 1473 334 Sibi

239 355 341 401 velit,
367 357 408 391 ut
435 355 671 401 excutiamus,
699 355 811 391 multo
834 355 1028 392 minoribus
1053 355 1302 392 conflictamur
1320 355 1471 392 difficul-

240 415 392 461 tatibus;
418 426 501 451 nam
528 415 683 451 omnium
709 425 808 460 sane,
838 425 930 459 quae
957 416 1004 452 ad
1027 417 1121 453 hanc
1139 419 1256 452 artem
1274 415 1471 461 pertinent,

240 474 419 510 rationem
444 477 554 518 atque
582 474 920 519 contemplationem
944 475 1136 520 significat,
1164 477 1205 510 ut
1223 485 1303 510 eam
1320 475 1471 519 inscrip-

239 533 387 579 tionem,
423 543 637 578 quamquam
673 529 790 578 ample
829 533 945 579 valet,
986 532 1178 570 admodum
1212 533 1357 570 inanem
1391 544 1471 570 esse

240 595 435 637 appareat;
468 602 584 636 neque
619 594 745 627 tamen
770 592 866 628 ultra
892 593 986 628 hanc
1011 593 1290 637 explicationem
1317 593 1364 629 ad
1389 604 1470 638 gra—

240 650 376 686 viorem
402 650 571 696 progredi
595 649 692 685 licet.
745 650 817 686 Sed
848 661 1037 695 quamnam
1073 651 1253 687 rationem
1285 651 1395 687 alteri
1420 652 1471 686 in-

238 709 425 754 scriptioni
456 719 536 745 cum
568 709 686 745 altera
716 709 942 746 intercedere
968 710 1159 755 putemus?
1210 711 1340 746 Nonne
1365 710 1402 746 in
1430 720 1470 746 eo

238 768 344 813 libro,
391 767 450 812 qui
484 767 694 804 inscribitur
727 768 747 812 ἡ
782 772 852 803 τῶν
888 770 1105 813 μαθημάτων
1138 773 1283 813 θεωρία,
1323 779 1471 814 prorsus

241 828 387 865 easdem
412 838 472 864 res
500 830 610 872 atque
636 827 675 864 in
701 838 752 873 eo,
781 827 817 863 in
845 838 912 873 quo
939 828 1259 865 demonstrabatur
1285 829 1370 865 ordo
1390 829 1470 865 doc-

239 887 370 932 trinae,
397 888 582 923 tractatas
607 886 717 923 fuisse
736 887 773 924 vi
798 887 904 924 huius
929 888 1028 924 tituli
1052 891 1222 925 accurate
1241 888 1471 924 considerata

240 946 436 982 concedere
472 945 655 992 cogimur?
705 947 818 982 Immo
845 947 959 982 certe!
999 948 1097 994 Ergo
1133 947 1379 993 consequitur,
1415 948 1471 983 uti

239 1009 391 1051 utroque
417 1005 525 1042 titulo
551 1006 644 1041 idem
673 1016 760 1050 opus
786 1005 978 1048 indicetur,
1005 1006 1075 1043 nisi
1093 1007 1187 1051 quod
1204 1006 1326 1043 verbis
1352 1006 1372 1050 ἡ
1400 1011 1470 1041 τῶν

238 1064 455 1108 μαθημάτων
477 1067 609 1108 θεωρία
635 1064 723 1100 illud
754 1064 940 1100 consilium
971 1074 1043 1100 non
1076 1065 1288 1109 respicitur,
1325 1065 1383 1101 cui
1417 1065 1469 1101 in-

239 1124 373 1161 sistens
400 1123 574 1161 Geminus
600 1124 729 1160 librum
756 1124 799 1160 de
826 1123 948 1160 ordine
976 1125 1184 1170 composuit.

335 1183 463 1227 Neque
482 1193 568 1220 vero
588 1182 731 1219 Eutocii
748 1183 858 1227 locuS,
877 1183 938 1227 qui
959 1183 1048 1219 illud
1064 1184 1148 1220 libri
1164 1194 1293 1220 nomen
1312 1184 1470 1229 exhibet,

238 1242 323 1279 huic
341 1242 500 1288 opinioni
517 1244 708 1288 repugnat,
740 1241 824 1286 quia
849 1241 899 1278 ibi
917 1241 1057 1287 species
1083 1246 1194 1286 atque
1213 1242 1469 1288 generationes

241 1303 442 1340 conicorum
461 1304 680 1347 tractantur,
713 1304 877 1338 veterum
902 1301 1241 1339 mathematicorum
1260 1302 1469 1339 sententiae

240 1362 459 1407 referuntur,
492 1362 617 1397 laudes
642 1361 826 1406 principis,
857 1361 917 1406 qui
943 1361 1180 1406 amplificavit
1204 1363 1299 1398 hanc
1329 1363 1469 1399 mathe-

239 1421 396 1457 maticae
422 1421 654 1466 provinciam,
682 1419 950 1466 praedicantur,
981 1420 1035 1456 ita
1068 1423 1109 1456 ut
1139 1421 1237 1457 haud
1261 1420 1371 1458 facile
1398 1422 1468 1458 dis-

239 1480 396 1517 criminis
433 1480 626 1525 quidquam
660 1480 757 1516 inter
789 1480 884 1515 hunc
917 1480 1034 1516 locum
1066 1483 1177 1525 atque
1213 1483 1357 1517 ceteras
1383 1481 1466 1517 reli-

238 1539 341 1585 quias
372 1539 452 1584 quis
484 1539 659 1576 enucleet.
708 1538 909 1584 Interpreti
941 1541 1062 1575 autem
1094 1539 1282 1584 Apollonii
1315 1540 1467 1576 eundem

238 1598 384 1636 Gemini
408 1598 539 1635 librum
565 1598 809 1644 suppetivisse
834 1598 893 1635 vel
919 1597 1003 1634 inde
1029 1599 1295 1643 comprobatur,
1323 1600 1418 1644 quod
1435 1600 1467 1636 is

238 1658 360 1694 Procli
384 1658 496 1703 locus,
522 1657 582 1702 qui
609 1657 723 1693 stoico
750 1657 876 1701 procul
903 1656 1007 1692 dubio
1034 1657 1249 1708 tribuendus
1277 1661 1334 1694 est
1366 1658 1464 1704 (pag.

242 1718 477 1762 181‚16—20),
505 1716 616 1753 etiam
635 1717 680 1753 ab
703 1716 764 1752 illo
790 1715 827 1752 in
853 1716 1110 1752 commentario
1137 1716 1185 1752 ad
1210 1716 1464 1753 Archimedem

237 1776 297 1823 (cf.
326 1779 413 1812 tom.
439 1776 503 1812 III
527 1786 611 1822 pag.
646 1779 714 1811 308
746 1774 869 1822 Heib.)
902 1774 1051 1812 disertis
1082 1775 1203 1813 verbis
1235 1776 1283 1812 ad
1314 1776 1467 1813 eundem

239 1835 450 1881 scriptorem
469 1836 663 1883 relegatur,
691 1846 762 1880 qua
788 1835 832 1871 de
856 1845 896 1871 re
922 1835 1026 1880 plura
1053 1846 1162 1881 supra
1189 1836 1287 1883 (vide
1303 1847 1386 1882 pag.
1406 1839 1466 1879 22)

237 1896 435 1942 explanata
454 1899 548 1933 sunt.
585 1897 740 1942 Insuper
756 1897 848 1932 bene
867 1895 974 1941 cadit,
992 1896 1086 1940 quod
1102 1896 1251 1933 Eutocii
1267 1897 1369 1933 locus
1387 1907 1465 1933 cum

237 1956 300 2001 eis,
331 1966 426 2000 quae
451 1956 604 1992 Proclus
640 1956 786 1991 conicas
816 1958 855 1990 et
885 1954 1038 1999 spiricas
1068 1956 1183 1992 lineas
1213 1959 1466 2001 perscrutatus

238 2016 334 2063 (pag.
378 2018 457 2060 111,
471 2020 507 2048 20
522 2036 561 2041 —
583 2017 660 2061 112,
671 2015 705 2062 4)
732 2025 752 2051 e
778 2013 923 2052 Gemini
948 2014 1040 2051 libro
1064 2015 1261 2061 excerpsit,
1293 2014 1465 2052 facillime

237 2077 347 2118 atquo
378 2073 567 2118 aptissime
599 2074 767 2110 connecti
800 2076 941 2119 potest3
976 2076 1167 2118 utrumque
1202 2074 1315 2120 igitur
1348 2075 1464 2110 locum

237 2132 536 2180 coniungentibus
551 2134 646 2170 hanc
663 2133 747 2170 libri
760 2132 968 2171 Geminiani
981 2135 1122 2178 partem
1136 2143 1354 2179 recuperare
1366 2133 1462 2169 licet.

334 2194 467 2237 Itaque
505 2193 656 2239 gravior
697 2193 885 2239 inscriptio
927 2196 1002 2237 περὶ
1044 2197 1103 2236 τῆς
1140 2197 1211 2228 τῶν
1248 2193 1464 2238 μαθημάτων

237 2253 376 2296 τάξεως,
403 2262 511 2297 quam
527 2252 686 2298 Pappus,
708 2255 836 2289 auctor
852 2251 1003 2289 idoneus
1021 2254 1131 2297 atque
1147 2252 1320 2299 locuples,
1339 2262 1465 2298 suppe-

238 2312 386 2361 ditavit,
404 2312 518 2352 multo
531 2311 644 2360 pluris
663 2315 720 2350 est
734 2312 842 2350 ‘titulo
859 2311 959 2350 inani
978 2311 997 2359 ἡ
1011 2316 1082 2348 τῶν
1093 2313 1311 2359 μαθημάτων
1323 2316 1464 2359 θεωρία,
