<?xml version="1.0" encoding="UTF-8"?>
<!DOCTYPE html PUBLIC "-//W3C//DTD XHTML 1.0 Transitional//EN"
    "http://www.w3.org/TR/xhtml1/DTD/xhtml1-transitional.dtd">
<html xmlns="http://www.w3.org/1999/xhtml" xml:lang="en" lang="en">
 <head>
  <title>
</title>
<meta http-equiv="Content-Type" content="text/html;charset=utf-8" />
  <meta name='ocr-system' content='tesseract 3.04.00' />
  <meta name='ocr-capabilities' content='ocr_page ocr_carea ocr_par ocr_line ocrx_word'/>
</head>
<body>
  <div class='ocr_page' id='page_1' title='image "4771752_0071.png"; bbox 0 0 1721 2633; ppageno 0'>
   <div class='ocr_carea' id='block_1_1' title="bbox 730 110 969 141">
    <p class='ocr_par' dir='ltr' id='par_1_1' title="bbox 730 110 969 141">
     <span class='ocr_line' id='line_1_1' title="bbox 730 110 969 141; baseline 0.004 -9"><span class='ocrx_word' id='word_1_1' title='bbox 730 110 969 141; x_wconf 69' lang='lat'>-65—</span> 
     </span>
    </p>
   </div>
   <div class='ocr_carea' id='block_1_2' title="bbox 210 201 1460 2382">
    <p class='ocr_par' dir='ltr' id='par_1_2' title="bbox 227 201 1460 832">
     <span class='ocr_line' id='line_1_2' title="bbox 234 201 1460 252; baseline 0.004 -13"><span class='ocrx_word' id='word_1_2' title='bbox 234 213 256 239; x_wconf 91' lang='lat' dir='ltr'>a</span> <span class='ocrx_word' id='word_1_3' title='bbox 290 201 443 241; x_wconf 79' lang='lat' dir='ltr'>Gemino</span> <span class='ocrx_word' id='word_1_4' title='bbox 485 203 529 241; x_wconf 93' lang='lat' dir='ltr'>de</span> <span class='ocrx_word' id='word_1_5' title='bbox 567 207 731 242; x_wconf 87' lang='lat' dir='ltr'>veterum</span> <span class='ocrx_word' id='word_1_6' title='bbox 769 204 1082 252; x_wconf 81' lang='lat' dir='ltr'>recentiorumque</span> <span class='ocrx_word' id='word_1_7' title='bbox 1120 206 1460 244; x_wconf 77' lang='lat' dir='ltr'>mathematicorum</span> 
     </span>
     <span class='ocr_line' id='line_1_3' title="bbox 234 263 1460 311; baseline 0.005 -13"><span class='ocrx_word' id='word_1_8' title='bbox 234 263 398 299; x_wconf 87' lang='lat' dir='ltr'>doctrina</span> <span class='ocrx_word' id='word_1_9' title='bbox 431 263 676 309; x_wconf 77' lang='lat' dir='ltr'>proferuntur,</span> <span class='ocrx_word' id='word_1_10' title='bbox 713 266 758 301; x_wconf 88' lang='lat' dir='ltr'>ab</span> <span class='ocrx_word' id='word_1_11' title='bbox 793 274 835 300; x_wconf 89' lang='lat' dir='ltr'>eo</span> <span class='ocrx_word' id='word_1_12' title='bbox 866 264 925 301; x_wconf 90' lang='lat' dir='ltr'>vel</span> <span class='ocrx_word' id='word_1_13' title='bbox 959 276 1003 301; x_wconf 85' lang='lat' dir='ltr'>ex</span> <span class='ocrx_word' id='word_1_14' title='bbox 1029 266 1202 311; x_wconf 84' lang='lat' dir='ltr'>gravibus</span> <span class='ocrx_word' id='word_1_15' title='bbox 1235 266 1460 303; x_wconf 79' lang='lat' dir='ltr'>documentis</span> 
     </span>
     <span class='ocr_line' id='line_1_4' title="bbox 233 321 1459 371; baseline 0.003 -15"><span class='ocrx_word' id='word_1_16' title='bbox 233 321 385 358; x_wconf 89' lang='lat' dir='ltr'>collecta</span> <span class='ocrx_word' id='word_1_17' title='bbox 410 323 469 359; x_wconf 89' lang='lat' dir='ltr'>vel</span> <span class='ocrx_word' id='word_1_18' title='bbox 496 334 541 359; x_wconf 85' lang='lat' dir='ltr'>ex</span> <span class='ocrx_word' id='word_1_19' title='bbox 565 323 773 360; x_wconf 89' lang='lat' dir='ltr'>idoneorum</span> <span class='ocrx_word' id='word_1_20' title='bbox 799 325 985 360; x_wconf 89' lang='lat' dir='ltr'>auctorum</span> <span class='ocrx_word' id='word_1_21' title='bbox 1008 324 1112 361; x_wconf 86' lang='lat' dir='ltr'>libris</span> <span class='ocrx_word' id='word_1_22' title='bbox 1139 325 1351 371; x_wconf 87' lang='lat' dir='ltr'>deprompta</span> <span class='ocrx_word' id='word_1_23' title='bbox 1370 336 1459 362; x_wconf 90' lang='lat' dir='ltr'>esse.</span> 
     </span>
     <span class='ocr_line' id='line_1_5' title="bbox 231 380 1460 430; baseline 0.004 -14"><span class='ocrx_word' id='word_1_24' title='bbox 231 380 326 415; x_wconf 87' lang='lat' dir='ltr'>Num</span> <span class='ocrx_word' id='word_1_25' title='bbox 361 380 444 417; x_wconf 90' lang='lat' dir='ltr'>inde</span> <span class='ocrx_word' id='word_1_26' title='bbox 479 382 600 427; x_wconf 90' lang='lat' dir='ltr'>aliqua</span> <span class='ocrx_word' id='word_1_27' title='bbox 636 393 714 418; x_wconf 93' lang='lat' dir='ltr'>cum</span> <span class='ocrx_word' id='word_1_28' title='bbox 748 382 1015 427; x_wconf 78' lang='lat' dir='ltr'>probabilitatis</span> <span class='ocrx_word' id='word_1_29' title='bbox 1051 383 1172 429; x_wconf 85' lang='lat' dir='ltr'>specie</span> <span class='ocrx_word' id='word_1_30' title='bbox 1207 384 1302 421; x_wconf 82' lang='lat' dir='ltr'>effici</span> <span class='ocrx_word' id='word_1_31' title='bbox 1336 388 1460 430; x_wconf 90' lang='lat' dir='ltr'>potest</span> 
     </span>
     <span class='ocr_line' id='line_1_6' title="bbox 233 439 1458 489; baseline 0.004 -14"><span class='ocrx_word' id='word_1_32' title='bbox 233 439 380 475; x_wconf 90' lang='lat' dir='ltr'>eundem</span> <span class='ocrx_word' id='word_1_33' title='bbox 408 441 621 486; x_wconf 87' lang='lat' dir='ltr'>scriptorem</span> <span class='ocrx_word' id='word_1_34' title='bbox 648 441 832 477; x_wconf 84' lang='lat' dir='ltr'>sollertem</span> <span class='ocrx_word' id='word_1_35' title='bbox 858 445 967 486; x_wconf 90' lang='lat' dir='ltr'>atque</span> <span class='ocrx_word' id='word_1_36' title='bbox 1000 443 1223 489; x_wconf 91' lang='lat' dir='ltr'>ingeniosum</span> <span class='ocrx_word' id='word_1_37' title='bbox 1259 445 1458 481; x_wconf 84' lang='lat' dir='ltr'>mathema-</span> 
     </span>
     <span class='ocr_line' id='line_1_7' title="bbox 230 498 1457 546; baseline 0.004 -12"><span class='ocrx_word' id='word_1_38' title='bbox 230 498 340 534; x_wconf 91' lang='lat' dir='ltr'>ticum</span> <span class='ocrx_word' id='word_1_39' title='bbox 366 499 501 536; x_wconf 83' lang='lat' dir='ltr'>fuisse?</span> <span class='ocrx_word' id='word_1_40' title='bbox 553 500 643 536; x_wconf 85' lang='lat' dir='ltr'>Oum</span> <span class='ocrx_word' id='word_1_41' title='bbox 677 500 789 546; x_wconf 90' lang='lat' dir='ltr'>igitur</span> <span class='ocrx_word' id='word_1_42' title='bbox 814 501 1035 545; x_wconf 84' lang='lat' dir='ltr'>posteriores</span> <span class='ocrx_word' id='word_1_43' title='bbox 1070 502 1167 538; x_wconf 91' lang='lat' dir='ltr'>illius</span> <span class='ocrx_word' id='word_1_44' title='bbox 1199 503 1457 539; x_wconf 87' lang='lat' dir='ltr'>auctoritatem</span> 
     </span>
     <span class='ocr_line' id='line_1_8' title="bbox 231 559 1458 608; baseline 0.004 -14"><span class='ocrx_word' id='word_1_45' title='bbox 231 559 385 604; x_wconf 85' lang='lat' dir='ltr'>amplexi</span> <span class='ocrx_word' id='word_1_46' title='bbox 422 562 573 605; x_wconf 91' lang='lat' dir='ltr'>propter</span> <span class='ocrx_word' id='word_1_47' title='bbox 609 559 713 595; x_wconf 91' lang='lat' dir='ltr'>fidem</span> <span class='ocrx_word' id='word_1_48' title='bbox 759 561 950 605; x_wconf 86' lang='lat' dir='ltr'>probatam</span> <span class='ocrx_word' id='word_1_49' title='bbox 989 562 1130 608; x_wconf 87' lang='lat' dir='ltr'>magnis</span> <span class='ocrx_word' id='word_1_50' title='bbox 1170 563 1336 599; x_wconf 88' lang='lat' dir='ltr'>laudibus</span> <span class='ocrx_word' id='word_1_51' title='bbox 1375 562 1458 599; x_wconf 84' lang='lat' dir='ltr'>affe·</span> 
     </span>
     <span class='ocr_line' id='line_1_9' title="bbox 230 618 1458 667; baseline 0.002 -13"><span class='ocrx_word' id='word_1_52' title='bbox 230 618 376 659; x_wconf 86' lang='lat' dir='ltr'>cissent,</span> <span class='ocrx_word' id='word_1_53' title='bbox 409 621 537 655; x_wconf 91' lang='lat' dir='ltr'>nostra</span> <span class='ocrx_word' id='word_1_54' title='bbox 567 619 741 654; x_wconf 89' lang='lat' dir='ltr'>memoria</span> <span class='ocrx_word' id='word_1_55' title='bbox 770 630 885 663; x_wconf 85' lang='lat' dir='ltr'>prava</span> <span class='ocrx_word' id='word_1_56' title='bbox 926 620 1044 665; x_wconf 88' lang='lat' dir='ltr'>opinio</span> <span class='ocrx_word' id='word_1_57' title='bbox 1071 621 1107 657; x_wconf 89' lang='lat' dir='ltr'>in</span> <span class='ocrx_word' id='word_1_58' title='bbox 1133 624 1273 657; x_wconf 87' lang='lat' dir='ltr'>mentes</span> <span class='ocrx_word' id='word_1_59' title='bbox 1300 621 1458 667; x_wconf 87' lang='lat' dir='ltr'>irrepsit,</span> 
     </span>
     <span class='ocr_line' id='line_1_10' title="bbox 229 677 1458 725; baseline 0.003 -13"><span class='ocrx_word' id='word_1_60' title='bbox 229 687 273 712; x_wconf 88' lang='lat' dir='ltr'>ex</span> <span class='ocrx_word' id='word_1_61' title='bbox 306 688 376 722; x_wconf 91' lang='lat' dir='ltr'>qua</span> <span class='ocrx_word' id='word_1_62' title='bbox 401 678 511 723; x_wconf 90' lang='lat' dir='ltr'>vulgo</span> <span class='ocrx_word' id='word_1_63' title='bbox 538 680 683 714; x_wconf 89' lang='lat' dir='ltr'>sumunt</span> <span class='ocrx_word' id='word_1_64' title='bbox 709 677 898 715; x_wconf 82' lang='lat' dir='ltr'>Geminum</span> <span class='ocrx_word' id='word_1_65' title='bbox 930 679 1025 714; x_wconf 89' lang='lat' dir='ltr'>inter</span> <span class='ocrx_word' id='word_1_66' title='bbox 1049 680 1230 725; x_wconf 88' lang='lat' dir='ltr'>principes</span> <span class='ocrx_word' id='word_1_67' title='bbox 1257 681 1458 716; x_wconf 85' lang='lat' dir='ltr'>mathema-</span> 
     </span>
     <span class='ocr_line' id='line_1_11' title="bbox 228 736 1458 785; baseline 0.003 -13"><span class='ocrx_word' id='word_1_68' title='bbox 228 736 390 783; x_wconf 89' lang='lat' dir='ltr'>ticorum,</span> <span class='ocrx_word' id='word_1_69' title='bbox 405 737 466 782; x_wconf 91' lang='lat' dir='ltr'>qui</span> <span class='ocrx_word' id='word_1_70' title='bbox 479 738 574 773; x_wconf 92' lang='lat' dir='ltr'>hanc</span> <span class='ocrx_word' id='word_1_71' title='bbox 588 737 814 782; x_wconf 88' lang='lat' dir='ltr'>disciplinam</span> <span class='ocrx_word' id='word_1_72' title='bbox 831 738 1104 785; x_wconf 84' lang='lat' dir='ltr'>promovissent,</span> <span class='ocrx_word' id='word_1_73' title='bbox 1119 739 1326 784; x_wconf 87' lang='lat' dir='ltr'>primarium</span> <span class='ocrx_word' id='word_1_74' title='bbox 1340 740 1458 776; x_wconf 88' lang='lat' dir='ltr'>locum</span> 
     </span>
     <span class='ocr_line' id='line_1_12' title="bbox 227 796 439 832; baseline 0.005 -1"><span class='ocrx_word' id='word_1_75' title='bbox 227 796 439 832; x_wconf 87' lang='lat' dir='ltr'>obtinuisse.</span> 
     </span>
    </p>

    <p class='ocr_par' dir='ltr' id='par_1_3' title="bbox 221 855 1456 1376">
     <span class='ocr_line' id='line_1_13' title="bbox 323 855 1456 902; baseline 0.001 -10"><span class='ocrx_word' id='word_1_76' title='bbox 323 856 452 901; x_wconf 88' lang='lat' dir='ltr'>Neque</span> <span class='ocrx_word' id='word_1_77' title='bbox 471 866 558 892; x_wconf 89' lang='lat' dir='ltr'>vero</span> <span class='ocrx_word' id='word_1_78' title='bbox 575 856 647 892; x_wconf 92' lang='lat' dir='ltr'>ullo</span> <span class='ocrx_word' id='word_1_79' title='bbox 665 855 870 901; x_wconf 78' lang='lat' dir='ltr'>fragmento</span> <span class='ocrx_word' id='word_1_80' title='bbox 887 856 1123 902; x_wconf 87' lang='lat' dir='ltr'>prohibemur,</span> <span class='ocrx_word' id='word_1_81' title='bbox 1142 857 1330 901; x_wconf 89' lang='lat' dir='ltr'>quominus</span> <span class='ocrx_word' id='word_1_82' title='bbox 1348 857 1456 894; x_wconf 89' lang='lat' dir='ltr'>istam</span> 
     </span>
     <span class='ocr_line' id='line_1_14' title="bbox 226 915 1456 962; baseline 0.002 -11"><span class='ocrx_word' id='word_1_83' title='bbox 226 916 428 960; x_wconf 88' lang='lat' dir='ltr'>opinionem</span> <span class='ocrx_word' id='word_1_84' title='bbox 453 915 656 951; x_wconf 89' lang='lat' dir='ltr'>reiciamus.</span> <span class='ocrx_word' id='word_1_85' title='bbox 708 915 931 961; x_wconf 77' lang='lat' dir='ltr'>Quamquam</span> <span class='ocrx_word' id='word_1_86' title='bbox 966 917 1061 952; x_wconf 88' lang='lat' dir='ltr'>enim</span> <span class='ocrx_word' id='word_1_87' title='bbox 1093 917 1246 962; x_wconf 84' lang='lat' dir='ltr'>exempli</span> <span class='ocrx_word' id='word_1_88' title='bbox 1272 928 1386 953; x_wconf 86' lang='lat' dir='ltr'>causa</span> <span class='ocrx_word' id='word_1_89' title='bbox 1412 918 1456 953; x_wconf 91' lang='lat' dir='ltr'>de</span> 
     </span>
     <span class='ocr_line' id='line_1_15' title="bbox 227 974 1456 1020; baseline 0.001 -10"><span class='ocrx_word' id='word_1_90' title='bbox 227 974 343 1011; x_wconf 89' lang='lat' dir='ltr'>curvis</span> <span class='ocrx_word' id='word_1_91' title='bbox 370 974 630 1010; x_wconf 85' lang='lat' dir='ltr'>difficilioribus</span> <span class='ocrx_word' id='word_1_92' title='bbox 662 974 847 1019; x_wconf 88' lang='lat' dir='ltr'>disputare</span> <span class='ocrx_word' id='word_1_93' title='bbox 874 975 1007 1020; x_wconf 87' lang='lat' dir='ltr'>debuit,</span> <span class='ocrx_word' id='word_1_94' title='bbox 1034 978 1156 1010; x_wconf 83' lang='lat' dir='ltr'>tamen</span> <span class='ocrx_word' id='word_1_95' title='bbox 1183 986 1245 1011; x_wconf 90' lang='lat' dir='ltr'>eas</span> <span class='ocrx_word' id='word_1_96' title='bbox 1271 979 1456 1020; x_wconf 88' lang='lat' dir='ltr'>tamquam</span> 
     </span>
     <span class='ocr_line' id='line_1_16' title="bbox 224 1032 1455 1079; baseline 0.002 -11"><span class='ocrx_word' id='word_1_97' title='bbox 224 1037 311 1069; x_wconf 82' lang='lat' dir='ltr'>ante</span> <span class='ocrx_word' id='word_1_98' title='bbox 339 1034 460 1069; x_wconf 88' lang='lat' dir='ltr'>oculos</span> <span class='ocrx_word' id='word_1_99' title='bbox 487 1033 645 1068; x_wconf 90' lang='lat' dir='ltr'>orientes</span> <span class='ocrx_word' id='word_1_100' title='bbox 676 1032 732 1068; x_wconf 89' lang='lat' dir='ltr'>ita</span> <span class='ocrx_word' id='word_1_101' title='bbox 757 1032 929 1078; x_wconf 79' lang='lat' dir='ltr'>faciebat,</span> <span class='ocrx_word' id='word_1_102' title='bbox 963 1036 1004 1069; x_wconf 92' lang='lat' dir='ltr'>ut</span> <span class='ocrx_word' id='word_1_103' title='bbox 1039 1034 1309 1079; x_wconf 87' lang='lat' dir='ltr'>generationem</span> <span class='ocrx_word' id='word_1_104' title='bbox 1345 1034 1455 1070; x_wconf 73' lang='lat' dir='ltr'>facile</span> 
     </span>
     <span class='ocr_line' id='line_1_17' title="bbox 224 1092 1455 1138; baseline 0.001 -10"><span class='ocrx_word' id='word_1_105' title='bbox 224 1093 343 1128; x_wconf 92' lang='lat' dir='ltr'>animo</span> <span class='ocrx_word' id='word_1_106' title='bbox 379 1093 449 1128; x_wconf 89' lang='lat' dir='ltr'>sibi</span> <span class='ocrx_word' id='word_1_107' title='bbox 483 1092 695 1128; x_wconf 86' lang='lat' dir='ltr'>informaret</span> <span class='ocrx_word' id='word_1_108' title='bbox 730 1102 844 1136; x_wconf 90' lang='lat' dir='ltr'>neque</span> <span class='ocrx_word' id='word_1_109' title='bbox 880 1092 939 1127; x_wconf 54' lang='lat' dir='ltr'>ad*</span> <span class='ocrx_word' id='word_1_110' title='bbox 960 1093 1222 1137; x_wconf 88' lang='lat' dir='ltr'>propositiones</span> <span class='ocrx_word' id='word_1_111' title='bbox 1261 1093 1455 1138; x_wconf 90' lang='lat' dir='ltr'>impeditas</span> 
     </span>
     <span class='ocr_line' id='line_1_18' title="bbox 223 1151 1454 1189; baseline 0 -1"><span class='ocrx_word' id='word_1_112' title='bbox 223 1151 470 1189; x_wconf 86' lang='lat' dir='ltr'>descenderet.</span> <span class='ocrx_word' id='word_1_113' title='bbox 485 1151 650 1188; x_wconf 88' lang='lat' dir='ltr'>Eandem</span> <span class='ocrx_word' id='word_1_114' title='bbox 661 1154 781 1188; x_wconf 90' lang='lat' dir='ltr'>autem</span> <span class='ocrx_word' id='word_1_115' title='bbox 791 1151 968 1188; x_wconf 86' lang='lat' dir='ltr'>rationem</span> <span class='ocrx_word' id='word_1_116' title='bbox 978 1151 1014 1188; x_wconf 91' lang='lat' dir='ltr'>in</span> <span class='ocrx_word' id='word_1_117' title='bbox 1026 1152 1187 1188; x_wconf 91' lang='lat' dir='ltr'>omnibus</span> <span class='ocrx_word' id='word_1_118' title='bbox 1202 1152 1324 1189; x_wconf 88' lang='lat' dir='ltr'>curvis</span> <span class='ocrx_word' id='word_1_119' title='bbox 1333 1155 1454 1189; x_wconf 90' lang='lat' dir='ltr'>reten-</span> 
     </span>
     <span class='ocr_line' id='line_1_19' title="bbox 222 1208 1454 1258; baseline 0.001 -10"><span class='ocrx_word' id='word_1_120' title='bbox 222 1216 299 1248; x_wconf 92' lang='lat' dir='ltr'>tam</span> <span class='ocrx_word' id='word_1_121' title='bbox 342 1222 423 1248; x_wconf 86' lang='lat' dir='ltr'>esse</span> <span class='ocrx_word' id='word_1_122' title='bbox 461 1222 571 1257; x_wconf 88' lang='lat' dir='ltr'>supra</span> <span class='ocrx_word' id='word_1_123' title='bbox 612 1208 694 1258; x_wconf 61' lang='lat' dir='ltr'>pagss</span> <span class='ocrx_word' id='word_1_124' title='bbox 725 1215 767 1246; x_wconf 86' lang='lat'>19</span> <span class='ocrx_word' id='word_1_125' title='bbox 804 1212 1127 1258; x_wconf 86' lang='lat' dir='ltr'>comprobavimus,</span> <span class='ocrx_word' id='word_1_126' title='bbox 1168 1216 1209 1249; x_wconf 94' lang='lat' dir='ltr'>ut</span> <span class='ocrx_word' id='word_1_127' title='bbox 1242 1223 1288 1248; x_wconf 88' lang='lat' dir='ltr'>ne</span> <span class='ocrx_word' id='word_1_128' title='bbox 1316 1212 1350 1249; x_wconf 90' lang='lat' dir='ltr'>ei</span> <span class='ocrx_word' id='word_1_129' title='bbox 1377 1212 1454 1257; x_wconf 88' lang='lat' dir='ltr'>qui-</span> 
     </span>
     <span class='ocr_line' id='line_1_20' title="bbox 221 1270 1454 1317; baseline -0.002 -9"><span class='ocrx_word' id='word_1_130' title='bbox 221 1272 313 1314; x_wconf 91' lang='lat' dir='ltr'>dem,</span> <span class='ocrx_word' id='word_1_131' title='bbox 348 1272 409 1317; x_wconf 86' lang='lat' dir='ltr'>qui</span> <span class='ocrx_word' id='word_1_132' title='bbox 433 1271 471 1308; x_wconf 89' lang='lat' dir='ltr'>in</span> <span class='ocrx_word' id='word_1_133' title='bbox 496 1272 565 1307; x_wconf 90' lang='lat' dir='ltr'>hac</span> <span class='ocrx_word' id='word_1_134' title='bbox 591 1275 673 1307; x_wconf 90' lang='lat' dir='ltr'>arte</span> <span class='ocrx_word' id='word_1_135' title='bbox 699 1282 769 1307; x_wconf 90' lang='lat' dir='ltr'>non</span> <span class='ocrx_word' id='word_1_136' title='bbox 794 1271 850 1306; x_wconf 88' lang='lat' dir='ltr'>ita</span> <span class='ocrx_word' id='word_1_137' title='bbox 877 1271 1048 1313; x_wconf 88' lang='lat' dir='ltr'>calleant,</span> <span class='ocrx_word' id='word_1_138' title='bbox 1073 1271 1160 1307; x_wconf 82' lang='lat' dir='ltr'>&#39;inde</span> <span class='ocrx_word' id='word_1_139' title='bbox 1187 1270 1354 1307; x_wconf 88' lang='lat' dir='ltr'>conicere</span> <span class='ocrx_word' id='word_1_140' title='bbox 1373 1281 1454 1316; x_wconf 88' lang='lat' dir='ltr'>pos-</span> 
     </span>
     <span class='ocr_line' id='line_1_21' title="bbox 221 1331 1237 1376; baseline -0.001 -9"><span class='ocrx_word' id='word_1_141' title='bbox 221 1331 297 1367; x_wconf 91' lang='lat' dir='ltr'>sint</span> <span class='ocrx_word' id='word_1_142' title='bbox 325 1331 516 1368; x_wconf 84' lang='lat' dir='ltr'>Geminum</span> <span class='ocrx_word' id='word_1_143' title='bbox 542 1331 654 1368; x_wconf 69' lang='lat' dir='ltr'>fuisse</span> <span class='ocrx_word' id='word_1_144' title='bbox 681 1331 901 1376; x_wconf 86' lang='lat' dir='ltr'>singularem</span> <span class='ocrx_word' id='word_1_145' title='bbox 928 1331 1237 1368; x_wconf 88' lang='lat' dir='ltr'>mathematicum.</span> 
     </span>
    </p>

    <p class='ocr_par' dir='ltr' id='par_1_4' title="bbox 211 1390 1452 2141">
     <span class='ocr_line' id='line_1_22' title="bbox 318 1390 1451 1435; baseline -0.002 -9"><span class='ocrx_word' id='word_1_146' title='bbox 318 1391 390 1427; x_wconf 85' lang='lat' dir='ltr'>Sed</span> <span class='ocrx_word' id='word_1_147' title='bbox 424 1401 514 1426; x_wconf 88' lang='lat' dir='ltr'>unus</span> <span class='ocrx_word' id='word_1_148' title='bbox 549 1393 672 1426; x_wconf 84' lang='lat' dir='ltr'>exstat</span> <span class='ocrx_word' id='word_1_149' title='bbox 706 1391 816 1435; x_wconf 89' lang='lat' dir='ltr'>locus,</span> <span class='ocrx_word' id='word_1_150' title='bbox 853 1401 873 1425; x_wconf 92' lang='lat' dir='ltr'>e</span> <span class='ocrx_word' id='word_1_151' title='bbox 908 1400 976 1434; x_wconf 94' lang='lat' dir='ltr'>quo</span> <span class='ocrx_word' id='word_1_152' title='bbox 1012 1390 1152 1426; x_wconf 85' lang='lat' dir='ltr'>Cantor</span> <span class='ocrx_word' id='word_1_153' title='bbox 1177 1390 1199 1425; x_wconf 88' lang='lat' dir='ltr'>l.</span> <span class='ocrx_word' id='word_1_154' title='bbox 1217 1390 1240 1425; x_wconf 92' lang='lat' dir='ltr'>l.</span> <span class='ocrx_word' id='word_1_155' title='bbox 1267 1400 1353 1435; x_wconf 80' lang='lat' dir='ltr'>pag.</span> <span class='ocrx_word' id='word_1_156' title='bbox 1381 1392 1451 1425; x_wconf 85' lang='lat'>382</span> 
     </span>
     <span class='ocr_line' id='line_1_23' title="bbox 220 1448 1452 1496; baseline -0.001 -10"><span class='ocrx_word' id='word_1_157' title='bbox 220 1449 442 1487; x_wconf 88' lang='lat' dir='ltr'>confidenter</span> <span class='ocrx_word' id='word_1_158' title='bbox 468 1449 617 1496; x_wconf 85' lang='lat' dir='ltr'>collegit</span> <span class='ocrx_word' id='word_1_159' title='bbox 643 1452 826 1486; x_wconf 88' lang='lat' dir='ltr'>auctorem</span> <span class='ocrx_word' id='word_1_160' title='bbox 853 1449 1034 1495; x_wconf 88' lang='lat' dir='ltr'>generalis</span> <span class='ocrx_word' id='word_1_161' title='bbox 1060 1448 1328 1495; x_wconf 80' lang='lat' dir='ltr'>propositionis,</span> <span class='ocrx_word' id='word_1_162' title='bbox 1360 1459 1452 1494; x_wconf 88' lang='lat' dir='ltr'>quae</span> 
     </span>
     <span class='ocr_line' id='line_1_24' title="bbox 220 1508 1451 1555; baseline -0.001 -10"><span class='ocrx_word' id='word_1_163' title='bbox 220 1513 279 1546; x_wconf 89' lang='lat' dir='ltr'>est</span> <span class='ocrx_word' id='word_1_164' title='bbox 306 1510 349 1544; x_wconf 89' lang='lat' dir='ltr'>de</span> <span class='ocrx_word' id='word_1_165' title='bbox 376 1510 519 1555; x_wconf 83' lang='lat' dir='ltr'>angulis</span> <span class='ocrx_word' id='word_1_166' title='bbox 545 1509 767 1555; x_wconf 85' lang='lat' dir='ltr'>trigonorum</span> <span class='ocrx_word' id='word_1_167' title='bbox 798 1509 1112 1553; x_wconf 86' lang='lat' dir='ltr'>aequicruriorum,</span> <span class='ocrx_word' id='word_1_168' title='bbox 1141 1519 1223 1544; x_wconf 90' lang='lat' dir='ltr'>esse</span> <span class='ocrx_word' id='word_1_169' title='bbox 1249 1508 1451 1555; x_wconf 83' lang='lat' dir='ltr'>Geminum,</span> 
     </span>
     <span class='ocr_line' id='line_1_25' title="bbox 218 1566 1451 1612; baseline -0.002 -7"><span class='ocrx_word' id='word_1_170' title='bbox 218 1568 358 1605; x_wconf 78' lang='lat' dir='ltr'>Scilicet</span> <span class='ocrx_word' id='word_1_171' title='bbox 376 1566 439 1610; x_wconf 78' lang='grc' dir='ltr'>ὅτι,</span> <span class='ocrx_word' id='word_1_172' title='bbox 467 1567 510 1603; x_wconf 83' lang='grc' dir='ltr'>ἂν</span> <span class='ocrx_word' id='word_1_173' title='bbox 534 1567 623 1612; x_wconf 81' lang='grc' dir='ltr'><strong><em>πρὸς</em></strong></span> <span class='ocrx_word' id='word_1_174' title='bbox 649 1567 833 1611; x_wconf 80' lang='grc' dir='ltr'><em>ὁμοιομερῆ</em></span> <span class='ocrx_word' id='word_1_175' title='bbox 856 1566 1015 1611; x_wconf 80' lang='grc' dir='ltr'><em>γραμμὴν</em></span> <span class='ocrx_word' id='word_1_176' title='bbox 1043 1568 1112 1603; x_wconf 84' lang='grc' dir='ltr'>ἀπό</span> <span class='ocrx_word' id='word_1_177' title='bbox 1139 1580 1201 1602; x_wconf 86' lang='grc' dir='ltr'>του</span> <span class='ocrx_word' id='word_1_178' title='bbox 1228 1571 1368 1611; x_wconf 84' lang='grc' dir='ltr'><em>σημείου</em></span> <span class='ocrx_word' id='word_1_179' title='bbox 1386 1568 1451 1602; x_wconf 76' lang='grc' dir='ltr'>δύο</span> 
     </span>
     <span class='ocr_line' id='line_1_26' title="bbox 216 1625 1449 1672; baseline -0.002 -9"><span class='ocrx_word' id='word_1_180' title='bbox 216 1628 345 1663; x_wconf 81' lang='grc' dir='ltr'><em>εὐθεῖαι</em></span> <span class='ocrx_word' id='word_1_181' title='bbox 387 1631 691 1672; x_wconf 77' lang='grc' dir='ltr'><em>προςεκβληθῶσιν</em></span> <span class='ocrx_word' id='word_1_182' title='bbox 734 1628 806 1668; x_wconf 79' lang='grc' dir='ltr'><em>ἴσας</em></span> <span class='ocrx_word' id='word_1_183' title='bbox 844 1626 932 1671; x_wconf 81' lang='grc' dir='ltr'><strong><em>πρὸς</em></strong></span> <span class='ocrx_word' id='word_1_184' title='bbox 965 1625 1074 1670; x_wconf 81' lang='grc' dir='ltr'><em>αὐτὴν</em></span> <span class='ocrx_word' id='word_1_185' title='bbox 1114 1628 1276 1662; x_wconf 79' lang='grc' dir='ltr'><em>ποιοῦσαι</em></span> <span class='ocrx_word' id='word_1_186' title='bbox 1312 1630 1449 1670; x_wconf 81' lang='grc' dir='ltr'><strong><em>γωνίας,</em></strong></span> 
     </span>
     <span class='ocr_line' id='line_1_27' title="bbox 216 1686 1450 1733; baseline -0.001 -10"><span class='ocrx_word' id='word_1_187' title='bbox 216 1688 285 1723; x_wconf 78' lang='grc' dir='ltr'><em>ἴσαι</em></span> <span class='ocrx_word' id='word_1_188' title='bbox 303 1691 398 1732; x_wconf 75' lang='grc' dir='ltr'><em>εἰσίνς</em></span> <span class='ocrx_word' id='word_1_189' title='bbox 434 1699 504 1733; x_wconf 90' lang='lat' dir='ltr'>qua</span> <span class='ocrx_word' id='word_1_190' title='bbox 537 1687 574 1724; x_wconf 90' lang='lat' dir='ltr'>in</span> <span class='ocrx_word' id='word_1_191' title='bbox 609 1698 648 1724; x_wconf 89' lang='lat' dir='ltr'>re</span> <span class='ocrx_word' id='word_1_192' title='bbox 678 1687 716 1723; x_wconf 87' lang='lat' dir='ltr'>id</span> <span class='ocrx_word' id='word_1_193' title='bbox 742 1687 930 1722; x_wconf 89' lang='lat' dir='ltr'>theorema</span> <span class='ocrx_word' id='word_1_194' title='bbox 956 1686 1070 1723; x_wconf 89' lang='lat' dir='ltr'>etiam</span> <span class='ocrx_word' id='word_1_195' title='bbox 1095 1688 1174 1722; x_wconf 90' lang='lat' dir='ltr'>tum</span> <span class='ocrx_word' id='word_1_196' title='bbox 1199 1686 1335 1733; x_wconf 84' lang='lat' dir='ltr'>valere,</span> <span class='ocrx_word' id='word_1_197' title='bbox 1371 1697 1450 1722; x_wconf 93' lang='lat' dir='ltr'>cum</span> 
     </span>
     <span class='ocr_line' id='line_1_28' title="bbox 214 1746 1450 1793; baseline -0.001 -10"><span class='ocrx_word' id='word_1_198' title='bbox 214 1747 349 1793; x_wconf 87' lang='lat' dir='ltr'>trigoni</span> <span class='ocrx_word' id='word_1_199' title='bbox 384 1747 490 1783; x_wconf 89' lang='lat' dir='ltr'>basin</span> <span class='ocrx_word' id='word_1_200' title='bbox 528 1757 613 1792; x_wconf 88' lang='lat' dir='ltr'>pars</span> <span class='ocrx_word' id='word_1_201' title='bbox 656 1746 800 1791; x_wconf 89' lang='lat' dir='ltr'>spiralis</span> <span class='ocrx_word' id='word_1_202' title='bbox 837 1746 971 1782; x_wconf 89' lang='lat' dir='ltr'>circum</span> <span class='ocrx_word' id='word_1_203' title='bbox 1007 1746 1206 1792; x_wconf 85' lang='lat' dir='ltr'>cylindrum</span> <span class='ocrx_word' id='word_1_204' title='bbox 1243 1746 1450 1791; x_wconf 86' lang='lat' dir='ltr'>descriptae</span> 
     </span>
     <span class='ocr_line' id='line_1_29' title="bbox 216 1804 1450 1852; baseline 0 -10"><span class='ocrx_word' id='word_1_205' title='bbox 216 1805 339 1852; x_wconf 84' lang='lat' dir='ltr'>efficit,</span> <span class='ocrx_word' id='word_1_206' title='bbox 357 1805 531 1843; x_wconf 84' lang='lat' dir='ltr'>videlicet</span> <span class='ocrx_word' id='word_1_207' title='bbox 548 1805 703 1842; x_wconf 87' lang='lat' dir='ltr'>maxime</span> <span class='ocrx_word' id='word_1_208' title='bbox 720 1805 886 1841; x_wconf 88' lang='lat' dir='ltr'>interest.</span> <span class='ocrx_word' id='word_1_209' title='bbox 931 1805 1004 1842; x_wconf 83' lang='lat' dir='ltr'>Sed</span> <span class='ocrx_word' id='word_1_210' title='bbox 1022 1805 1107 1850; x_wconf 89' lang='lat' dir='ltr'>quia</span> <span class='ocrx_word' id='word_1_211' title='bbox 1125 1805 1278 1842; x_wconf 87' lang='lat' dir='ltr'>Proclus</span> <span class='ocrx_word' id='word_1_212' title='bbox 1296 1804 1450 1842; x_wconf 88' lang='lat' dir='ltr'>eandem</span> 
     </span>
     <span class='ocr_line' id='line_1_30' title="bbox 213 1864 1448 1912; baseline -0.003 -10"><span class='ocrx_word' id='word_1_213' title='bbox 213 1865 290 1902; x_wconf 88' lang='lat' dir='ltr'>fere</span> <span class='ocrx_word' id='word_1_214' title='bbox 325 1866 609 1912; x_wconf 90' lang='lat' dir='ltr'>propositionem</span> <span class='ocrx_word' id='word_1_215' title='bbox 640 1864 848 1902; x_wconf 88' lang='lat' dir='ltr'>accuratius</span> <span class='ocrx_word' id='word_1_216' title='bbox 875 1864 1126 1911; x_wconf 89' lang='lat' dir='ltr'>copiosiusque</span> <span class='ocrx_word' id='word_1_217' title='bbox 1151 1876 1236 1912; x_wconf 86' lang='lat' dir='ltr'>pag.</span> <span class='ocrx_word' id='word_1_218' title='bbox 1257 1868 1448 1910; x_wconf 84' lang='lat'>251,2—11</span> 
     </span>
     <span class='ocr_line' id='line_1_31' title="bbox 216 1924 1448 1971; baseline -0.001 -10"><span class='ocrx_word' id='word_1_219' title='bbox 216 1925 376 1971; x_wconf 82' lang='lat' dir='ltr'>agitavit</span> <span class='ocrx_word' id='word_1_220' title='bbox 410 1929 521 1970; x_wconf 89' lang='lat' dir='ltr'>atque</span> <span class='ocrx_word' id='word_1_221' title='bbox 553 1925 743 1962; x_wconf 85' lang='lat' dir='ltr'>evidenter</span> <span class='ocrx_word' id='word_1_222' title='bbox 769 1924 929 1960; x_wconf 82' lang='lat' dir='ltr'>auctoris</span> <span class='ocrx_word' id='word_1_223' title='bbox 958 1924 1015 1960; x_wconf 89' lang='lat' dir='ltr'>sui</span> <span class='ocrx_word' id='word_1_224' title='bbox 1046 1924 1208 1970; x_wconf 86' lang='lat' dir='ltr'>vestigia</span> <span class='ocrx_word' id='word_1_225' title='bbox 1234 1924 1448 1969; x_wconf 88' lang='lat' dir='ltr'>diligentius</span> 
     </span>
     <span class='ocr_line' id='line_1_32' title="bbox 215 1983 1446 2031; baseline -0.002 -9"><span class='ocrx_word' id='word_1_226' title='bbox 215 1987 427 2031; x_wconf 88' lang='lat' dir='ltr'>persecutus</span> <span class='ocrx_word' id='word_1_227' title='bbox 445 1988 513 2031; x_wconf 93' lang='lat' dir='ltr'>est,</span> <span class='ocrx_word' id='word_1_228' title='bbox 531 1985 630 2022; x_wconf 91' lang='lat' dir='ltr'>illum</span> <span class='ocrx_word' id='word_1_229' title='bbox 648 1984 802 2030; x_wconf 86' lang='lat' dir='ltr'>priorem</span> <span class='ocrx_word' id='word_1_230' title='bbox 820 1983 948 2031; x_wconf 92' lang='lat' dir='ltr'>locum,</span> <span class='ocrx_word' id='word_1_231' title='bbox 976 1994 1081 2030; x_wconf 91' lang='lat' dir='ltr'>quem</span> <span class='ocrx_word' id='word_1_232' title='bbox 1098 1984 1235 2021; x_wconf 86' lang='lat' dir='ltr'>Cantor</span> <span class='ocrx_word' id='word_1_233' title='bbox 1252 1983 1366 2020; x_wconf 91' lang='lat' dir='ltr'>solum</span> <span class='ocrx_word' id='word_1_234' title='bbox 1391 1994 1446 2019; x_wconf 91' lang='lat' dir='ltr'>re-</span> 
     </span>
     <span class='ocr_line' id='line_1_33' title="bbox 214 2043 1445 2091; baseline -0.001 -10"><span class='ocrx_word' id='word_1_235' title='bbox 214 2045 377 2090; x_wconf 86' lang='lat' dir='ltr'>spexisse</span> <span class='ocrx_word' id='word_1_236' title='bbox 403 2045 557 2089; x_wconf 87' lang='lat' dir='ltr'>videtur,</span> <span class='ocrx_word' id='word_1_237' title='bbox 585 2045 702 2081; x_wconf 86' lang='lat' dir='ltr'>minus</span> <span class='ocrx_word' id='word_1_238' title='bbox 728 2055 855 2080; x_wconf 88' lang='lat' dir='ltr'>curare</span> <span class='ocrx_word' id='word_1_239' title='bbox 880 2044 978 2091; x_wconf 88' lang='lat' dir='ltr'>licet,</span> <span class='ocrx_word' id='word_1_240' title='bbox 1012 2048 1054 2081; x_wconf 94' lang='lat' dir='ltr'>ut</span> <span class='ocrx_word' id='word_1_241' title='bbox 1079 2044 1200 2090; x_wconf 87' lang='lat' dir='ltr'>potius</span> <span class='ocrx_word' id='word_1_242' title='bbox 1225 2045 1294 2080; x_wconf 90' lang='lat' dir='ltr'>hoc</span> <span class='ocrx_word' id='word_1_243' title='bbox 1318 2043 1445 2080; x_wconf 79' lang='lat' dir='ltr'>funda-</span> 
     </span>
     <span class='ocr_line' id='line_1_34' title="bbox 211 2103 525 2141; baseline 0 -1"><span class='ocrx_word' id='word_1_244' title='bbox 211 2106 332 2141; x_wconf 90' lang='lat' dir='ltr'>mento</span> <span class='ocrx_word' id='word_1_245' title='bbox 358 2103 525 2140; x_wconf 88' lang='lat' dir='ltr'>nitamur.</span> 
     </span>
    </p>

    <p class='ocr_par' dir='ltr' id='par_1_5' title="bbox 210 2161 1444 2333">
     <span class='ocr_line' id='line_1_35' title="bbox 307 2161 1443 2207; baseline -0.004 -6"><span class='ocrx_word' id='word_1_246' title='bbox 307 2163 364 2201; x_wconf 81' lang='lat' dir='ltr'>At</span> <span class='ocrx_word' id='word_1_247' title='bbox 389 2163 512 2201; x_wconf 83' lang='lat' dir='ltr'>verbis</span> <span class='ocrx_word' id='word_1_248' title='bbox 547 2164 714 2207; x_wconf 77' lang='grc' dir='ltr'><em>μειζόνως</em></span> <span class='ocrx_word' id='word_1_249' title='bbox 739 2165 775 2198; x_wconf 80' lang='grc' dir='ltr'>δὲ</span> <span class='ocrx_word' id='word_1_250' title='bbox 809 2161 853 2197; x_wconf 73' lang='grc' dir='ltr'>ἄν</span> <span class='ocrx_word' id='word_1_251' title='bbox 877 2176 929 2205; x_wconf 86' lang='grc' dir='ltr'>τις</span> <span class='ocrx_word' id='word_1_252' title='bbox 964 2162 1126 2207; x_wconf 77' lang='grc' dir='ltr'><em>ἀγασθείη</em></span> <span class='ocrx_word' id='word_1_253' title='bbox 1160 2166 1233 2197; x_wconf 84' lang='grc' dir='ltr'>τῶν</span> <span class='ocrx_word' id='word_1_254' title='bbox 1265 2163 1443 2205; x_wconf 79' lang='grc' dir='ltr'><em>νεωτέρων</em></span> 
     </span>
     <span class='ocr_line' id='line_1_36' title="bbox 210 2219 1444 2267; baseline -0.003 -8"><span class='ocrx_word' id='word_1_255' title='bbox 210 2222 291 2266; x_wconf 85' lang='grc' dir='ltr'><em>τοὺς</em></span> <span class='ocrx_word' id='word_1_256' title='bbox 316 2222 560 2266; x_wconf 77' lang='grc' dir='ltr'><em>ἀποδείξαντας</em></span> <span class='ocrx_word' id='word_1_257' title='bbox 594 2223 642 2258; x_wconf 80' lang='grc' dir='ltr'>ἔτι</span> <span class='ocrx_word' id='word_1_258' title='bbox 666 2221 951 2267; x_wconf 78' lang='grc' dir='ltr'><em>καθολικώτερον</em></span> <span class='ocrx_word' id='word_1_259' title='bbox 979 2244 1021 2249; x_wconf 90' lang='grc'><strong>-</strong></span> <span class='ocrx_word' id='word_1_260' title='bbox 1049 2219 1100 2257; x_wconf 80' lang='grc' dir='ltr'>ὧν</span> <span class='ocrx_word' id='word_1_261' title='bbox 1126 2222 1195 2257; x_wconf 81' lang='grc' dir='ltr'><em>ἐστι</em></span> <span class='ocrx_word' id='word_1_262' title='bbox 1220 2225 1275 2257; x_wconf 83' lang='grc' dir='ltr'>καὶ</span> <span class='ocrx_word' id='word_1_263' title='bbox 1303 2226 1444 2263; x_wconf 87' lang='grc' dir='ltr'><em>Γεμῖνος</em></span> 
     </span>
     <span class='ocr_line' id='line_1_37' title="bbox 210 2281 1443 2333; baseline -0.003 -12"><span class='ocrx_word' id='word_1_264' title='bbox 210 2284 308 2333; x_wconf 84' lang='lat' dir='ltr'>(pag.</span> <span class='ocrx_word' id='word_1_265' title='bbox 328 2289 409 2332; x_wconf 84' lang='lat'>251,</span> <span class='ocrx_word' id='word_1_266' title='bbox 425 2286 518 2332; x_wconf 77' lang='grc'>2-4)</span> <span class='ocrx_word' id='word_1_267' title='bbox 545 2284 815 2322; x_wconf 88' lang='lat' dir='ltr'>Elementorum</span> <span class='ocrx_word' id='word_1_268' title='bbox 836 2283 1020 2330; x_wconf 85' lang='lat' dir='ltr'>interpres</span> <span class='ocrx_word' id='word_1_269' title='bbox 1037 2282 1128 2321; x_wconf 88' lang='lat' dir='ltr'>nihil</span> <span class='ocrx_word' id='word_1_270' title='bbox 1153 2282 1253 2320; x_wconf 89' lang='lat' dir='ltr'>aliud</span> <span class='ocrx_word' id='word_1_271' title='bbox 1278 2281 1443 2318; x_wconf 86' lang='lat' dir='ltr'>declarat</span> 
     </span>
    </p>

    <p class='ocr_par' dir='ltr' id='par_1_6' title="bbox 1225 2353 1244 2382">
     <span class='ocr_line' id='line_1_38' title="bbox 1225 2353 1244 2382; baseline 0 0"><span class='ocrx_word' id='word_1_272' title='bbox 1225 2353 1244 2382; x_wconf 84' lang='lat'>5</span> 
     </span>
    </p>
   </div>
  </div>
 </body>
</html>
