1721 2633
724 119 766 125 .-
823 101 865 133 15
910 115 962 124 .-

324 199 440 234 Porro
465 208 542 235 var.
562 197 642 234 coll.
663 207 741 243 cap.
760 197 962 233 LXXXII
985 196 1101 234 eidem
1123 196 1247 232 deberi
1268 195 1458 242 perspicue

231 259 348 303 patet,
375 257 457 292 dum
483 256 679 302 diligenter
703 255 906 301 perpendas
932 254 1229 291 mathematicam
1257 253 1482 291 doctrinam'

229 326 301 353 non
326 316 439 352 solum
458 315 584 353 eadem
600 314 745 352 ratione
763 314 885 361 dividi,
904 315 969 351 sed
987 314 1100 352 etiam
1116 314 1221 350 binas
1240 314 1316 351 eius
1334 317 1458 360 partes

229 378 272 411 ut
298 375 336 411 in
357 374 520 411 Euclidis
547 374 804 411 commentario
829 384 936 420 pagg.
966 377 1107 409 39—42
1135 374 1189 409 sic
1213 374 1251 409 in
1277 374 1458 419 excerptis

228 434 409 471 Parisinis
436 433 619 480 coniungi:
648 433 791 471 scilicet
817 433 1017 479 geometria
1043 435 1081 470 et
1106 432 1349 479 arithmetica,
1376 443 1457 479 geo-

233 493 359 531 daesia
383 496 421 530 et
444 493 626 539 logistica,
653 492 776 537 optica
794 495 831 529 et
848 492 1032 538 canonica,
1059 492 1271 528 mechanica
1289 495 1327 528 et
1346 495 1458 529 astro-

233 553 354 590 nomia
378 556 531 597 utroque
558 552 636 588 loco
662 552 766 588 iuxta
791 555 986 597 ponuntur3
1013 551 1057 588 cf.
1077 552 1140 588 Pr.
1157 562 1266 598 pagg.
1286 554 1341 595 39,
1364 557 1392 593 8,
1414 557 1459 593 14,

230 622 287 658 2ος
314 615 422 654 40‚9;
450 615 507 653 41,
531 616 558 652 3,
582 616 617 644 19
641 614 680 647 et
705 621 780 648 var.
808 612 886 647 coll.
913 622 995 657 pag.
1022 614 1104 656 278,
1121 616 1246 646 16—18.

327 672 577 708 Removentur
611 673 733 707 autem
768 681 790 706 a
824 670 1085 707 mathematica
1123 673 1163 706 et
1198 670 1236 706 in
1270 680 1345 707 var.
1378 670 1458 706 0011.

234 741 317 777 pag.
336 734 418 775 278,
437 735 473 764 18
487 733 526 766 et
544 730 639 775 apud
651 730 918 766 Elementorum
940 730 1178 775 interpretem
1199 740 1283 775 pag.
1302 732 1359 771 38,
1376 734 1411 762 13
1424 740 1460 766 ss

232 789 491 831 architectura,
519 799 580 825 ars
606 789 755 835 tactica‚
782 788 876 825 aliae
902 789 1134 835 disciplinae,
1162 788 1299 825 simodo
1325 789 1461 825 coniec-

232 853 355 887 turam
388 860 506 886 meam
540 848 736 884 τεκτονικὸν
770 852 867 895 (pag.
908 850 1034 895 38,13)
1069 849 1244 895 accipias,
1279 859 1385 894 quam
1424 849 1461 885 in

237 909 411 955 epimetro
437 910 605 954 probabo.

337 968 464 1013 Neque
481 978 567 1005 vero
586 968 758 1014 Tannery
775 967 835 1003 1.1.
855 978 936 1014 pag.
952 971 996 1003 46
1016 968 1053 1004 in
1071 968 1194 1005 verbis
1212 966 1294 1003 οὐδὲ
1311 967 1374 1002 τὸὸ
1391 980 1461 1009 μω-

239 1027 357 1069 νύμως
382 1028 599 1069 καλούμενον
623 1026 815 1071 μηχανικὸν
841 1028 958 1071 (μέρος
981 1029 1169 1072 μηχανικῆς
1193 1028 1285 1062 ἐστιν
1312 1027 1355 1063 cf.
1382 1038 1459 1064 var.

237 1086 315 1122 coll.
342 1097 426 1132 pag.
446 1089 527 1131 278,
542 1090 580 1119 20
605 1088 649 1130 s.)
675 1086 774 1122 iusta
797 1085 840 1121 de
866 1096 977 1121 causa
1002 1086 1166 1122 haesisse
1191 1086 1280 1122 mihi
1304 1086 1460 1130 videtur,

236 1156 314 1182 cum
346 1145 439 1181 haec
469 1144 614 1183 Gemini
644 1144 849 1191 fragmento
881 1155 926 1181 ex
950 1145 1071 1190 Pappi
1100 1145 1190 1182 libro
1221 1145 1322 1184 VD]
1354 1155 1463 1191 supra

165 1247 167 1249 v
236 1205 414 1241 arcessito
440 1215 643 1251 repugnare
669 1204 915 1249 contenderet,
946 1204 984 1240 in
1010 1215 1079 1249 quo
1106 1216 1185 1241 cum
1210 1205 1339 1242 variae
1357 1204 1463 1241 disci-

234 1264 366 1310 plinae,
393 1274 485 1308 quae
503 1263 735 1300 mechanicae
753 1263 993 1308 appellantur,
1021 1267 1098 1300 tum
1117 1263 1137 1308 ἡ
1155 1266 1228 1298 τῶν
1250 1266 1344 1305 ἰδίως
1360 1263 1465 1299 πάλιν

235 1324 462 1365 καλουμένων
484 1327 734 1368 μηχανοποιῶν
754 1322 841 1367 (scil.
859 1323 975 1369 τέχνη)
994 1323 1041 1359 ad
1058 1323 1356 1360 mathematicam
1373 1323 1464 1360 refe·

235 1385 374 1420 runtur.
420 1381 488 1426 (Of.
505 1383 620 1429 Papp.
639 1393 721 1428 pag.
744 1386 847 1427 1024,
863 1387 900 1415 21
919 1392 955 1419 ss
973 1383 1064 1428 Hu.;
1091 1383 1151 1419 Pr.
1170 1394 1254 1430 pag.
1273 1387 1331 1429 41,
1346 1384 1465 1426 3-18.)

237 1442 312 1480 Sed
337 1452 381 1478 ea
407 1452 500 1486 quae
523 1442 746 1478 antecedunt
770 1441 809 1475 τὸ
827 1441 998 1483 τακτικὸν,
1026 1442 1068 1477 τὸ
1087 1440 1374 1487 ἂρχιτεκτονικὸν,
1402 1443 1464 1478 im-

236 1501 361 1547 primis
378 1499 420 1536 τὸ
438 1503 459 1536 ὁ
464 1505 552 1545 ημῶ
558 1503 579 1536 <5
585 1514 622 1543 ες
638 1500 806 1543 μουσικὸν
822 1500 955 1538 indicio
970 1504 1055 1538 sunt
1071 1502 1196 1539 verbis
1211 1502 1251 1537 τὸ
1269 1502 1466 1544 ὁμωνύμως

234 1560 452 1603 καλούμενον
476 1560 667 1604 μηχανικὸν
693 1561 783 1597 nihil
800 1560 898 1597 aliud
916 1561 987 1597 nisi
1003 1562 1092 1598 illud
1109 1561 1252 1598 fabrum
1271 1562 1465 1599 artificium

235 1620 370 1657 dictum
384 1630 475 1662 esse,
489 1620 527 1656 in
540 1630 608 1665 quo
626 1619 808 1666 propriam
821 1620 1001 1657 rationem
1013 1621 1313 1658 mathematicam
1327 1621 1466 1658 frustra

235 1691 400 1727 quaeras,
420 1681 566 1717 etiamsi
582 1680 845 1726 propositiones
864 1691 886 1717 a
904 1681 1174 1719 mathematicis
1191 1682 1365 1719 inventae
1378 1692 1464 1718 non-

237 1751 430 1785 numquam
461 1740 692 1782 adhibentur,
729 1740 823 1784 quod
852 1739 946 1776 idem
978 1751 1007 1776 e.
1033 1752 1069 1787 g.
1095 1741 1134 1777 in
1164 1742 1295 1778 tactici
1319 1752 1465 1777 munere

236 1798 412 1836 Geminus
448 1799 543 1845 apud
572 1799 740 1835 Proclum
765 1809 848 1845 pag.
877 1802 938 1845 39,
960 1805 1034 1833 1—6
1066 1800 1302 1837 demonstrat.
1354 1801 1465 1837 Prae-

235 1860 339 1895 terea
364 1869 411 1895 ne
429 1859 509 1904 quis
535 1859 627 1895 haec
644 1858 760 1904 Pappi
786 1859 898 1895 verba
924 1859 1030 1895 nimis
1048 1863 1215 1906 urgueat,
1242 1860 1279 1896 in
1305 1860 1390 1896 libri
1409 1871 1465 1896 oc-

235 1917 315 1955 tavi
337 1917 567 1963 praefatione
584 1919 700 1954 multa
717 1918 933 1964 languidius,
960 1919 1352 1966 multaabundantius,
1379 1930 1464 1956 non-

235 1977 336 2013 nulla
362 1976 474 2013 etiam
499 1988 671 2023 perverse
698 1978 837 2022 scripta
863 1987 958 2023 esse,
994 1978 1069 2015 alia
1099 1979 1234 2024 optime
1265 1980 1466 2025 composita

238 2035 454 2072 Hultschius
484 2035 521 2071 in
553 2040 740 2073 comment.
773 2036 859 2081 phil.
890 2036 928 2072 in
959 2037 1128 2074 honorem
1160 2038 1225 2073 Th.
1252 2038 1466 2075 Mommseni

236 2094 382 2139 scriptis
407 2105 514 2141 pagg.
547 2099 736 2130 114—123
762 2098 863 2131 recte
889 2096 1037 2132 monuit.

333 2154 536 2199 Pergamus
555 2154 602 2190 ad
619 2165 695 2192 var.
716 2155 795 2190 coll.
811 2164 889 2199 cap.
907 2154 1143 2201 LXXXIH,
1162 2155 1199 2191 111
1217 2167 1285 2201 quo
1303 2156 1465 2194 breviter

237 2212 471 2258 explanatur,
521 2223 613 2257 quae
657 2224 718 2250 ars
757 2213 873 2259 magis
913 2214 961 2250 ad
1002 2215 1271 2251 arithmeticam
1316 2219 1380 2252 aut
1418 2215 1465 2251 ad

232 2271 475 2324 geometriam
507 2272 703 2317 pertineat.
754 2272 927 2310 Similiter
966 2277 1089 2311 autem
1125 2274 1163 2311 in
1197 2275 1465 2312 Elementorum
