1721 2633
734 630 893 696 Caput
925 631 951 682 Ι.

418 729 479 767 De
506 728 666 767 Gemini
691 729 970 768 mathematici
996 730 1261 778 fragmentis.

304 799 325 846 ξ
356 803 385 834 1.
436 799 500 835 De
531 798 764 836 universae
794 800 1133 837 mathematicae
1163 801 1374 846 partibus.

324 878 483 915 Pr1mum
501 877 642 922 quidem
660 878 788 920 omnia,
816 889 908 923 quae
926 878 1072 916 Gemini
1088 880 1338 917 mathematici
1355 880 1453 927 frag-

228 940 353 974 menta
380 947 460 973 esse
486 937 547 974 vel
572 939 719 973 constat
740 937 800 974 vel
822 937 1062 975 demonstrari
1087 941 1219 985 potest,
1245 939 1456 986 indaganda

226 1000 337 1042 atque
371 996 576 1042 colligenda
609 1000 709 1042 sunt,
749 999 790 1033 ut
824 1008 944 1034 eorum
983 1001 1199 1044 argumenta
1232 999 1456 1044 perscrutati

225 1056 363 1092 firmum
386 1056 562 1092 iaciamus
585 1056 868 1097 fimdamentum,
896 1057 954 1093 cui
971 1057 1086 1093 innixi
1104 1057 1152 1093 ad
1170 1058 1244 1093 alia
1261 1058 1455 1094 tendamus

226 1117 335 1160 atque
361 1119 534 1152 accurate
561 1115 822 1162 describamus,
853 1115 937 1161 quid
962 1118 1079 1153 totum
1106 1126 1194 1162 opus
1222 1116 1452 1154 continuerit.

229 1175 302 1212 Sed
319 1175 413 1219 quod
429 1174 609 1211 rationem
627 1185 671 1212 ac
688 1175 796 1221 viam,
823 1185 929 1220 quam
952 1175 1014 1212 ille
1032 1176 1069 1212 in
1086 1176 1178 1213 libro
1195 1177 1455 1214 mathematico

228 1234 469 1279 componendo
496 1236 643 1271 secutus
669 1234 729 1276 sit,
757 1234 876 1271 adhuc
900 1234 1007 1280 plane
1032 1234 1255 1282 ignoramus,
1281 1236 1454 1281 reliquias

227 1303 315 1330 sane
342 1304 383 1330 eo
410 1293 534 1330 ordine
561 1293 771 1330 examinare
795 1295 978 1339 praestat,
1004 1296 1046 1330 ut
1072 1294 1206 1330 similia
1232 1295 1407 1340 complexi
1432 1307 1455 1332 a

225 1353 333 1389 rebus
358 1352 589 1399 generalibus
616 1352 664 1388 ad
689 1352 865 1397 speciales
891 1352 1164 1389 descendamus.

325 1411 437 1449 Certo
472 1422 492 1448 e
523 1411 741 1449 Geminiano
774 1412 867 1448 libro
902 1422 946 1448 ea
981 1412 1194 1458 deprompta
1227 1416 1328 1455 sunt,
1364 1424 1457 1458 quae

226 1472 378 1507 Proclus
403 1482 485 1516 pag.
513 1474 569 1517 38,
583 1478 602 1503 4
624 1482 660 1507 ss
687 1471 731 1507 de
755 1470 921 1515 partibus
947 1471 1041 1507 artis
1072 1472 1354 1508 mathematicae
1386 1472 1456 1508 dis-

225 1533 348 1577 putat3
376 1541 459 1567 nam
491 1533 529 1567 et
554 1530 676 1568 verbis
703 1531 791 1571 τινὲς
816 1528 980 1573 ἀξιοῦσιν,
1007 1527 1120 1576 ὥςπερ
1145 1533 1201 1566 καὶ
1220 1535 1374 1573 Γεμῖνος,
1402 1535 1457 1566 καὶ

223 1595 359 1626 ποιοῦσι
374 1620 381 1626 .
397 1617 405 1625 .
423 1617 442 1636 .,
469 1594 618 1625 τίθενται
651 1590 750 1638 (pag.
783 1593 839 1635 38,
859 1592 919 1636 10),
946 1588 1100 1632 ἀξιοῦσιν
1135 1594 1232 1637 (pag.
1262 1595 1318 1633 38,
1341 1593 1390 1636 13)
1417 1595 1456 1628 et

224 1650 305 1695 ipsa
330 1649 401 1686 loci
427 1650 548 1695 specie
574 1649 844 1685 demonstratur
865 1650 989 1685 cetera
1013 1659 1163 1694 quoque,
1191 1660 1284 1694 quae
1302 1660 1456 1694 sequun-

224 1712 298 1755 tur,
335 1720 381 1745 ex
405 1709 530 1746 eodem
556 1708 657 1745 fonte
683 1708 847 1754 fluxisse,
881 1707 919 1744 id
944 1708 1038 1753 quod
1063 1708 1147 1745 olim
1172 1709 1266 1746 vidit
1290 1709 1455 1746 Maximi-

224 1768 344 1804 lianus
377 1768 416 1805 O.
450 1768 492 1803 P.
520 1767 684 1804 Schmidt
714 1767 752 1803 in
769 1765 869 1803 Phil.
902 1770 988 1802 tom.
1022 1770 1077 1801 45.
1109 1778 1193 1813 pag.
1225 1770 1271 1802 '14
1285 1779 1332 1804 ss.
1385 1768 1457 1804 Sed

225 1827 257 1864 si
282 1827 364 1872 quis
391 1826 624 1868 dubitaverit,
654 1836 836 1871 quousque
864 1825 1009 1863 Gemini
1035 1830 1209 1872 excerpta
1234 1826 1454 1872 pertineant,

229 1887 438 1934 responderi
462 1889 586 1932 potest
612 1896 691 1922 eam
718 1896 856 1930 quoque
886 1886 1240 1927 commentationem,
1275 1897 1382 1931 quam
1412 1887 1455 1923 de

223 1946 434 1982 mechanica
462 1945 653 1991 disciplina
670 1944 822 1981 Proclus
848 1955 932 1990 pag.
953 1948 1011 1990 41,
1026 1949 1122 1978 5—18
1142 1944 1291 1990 profert,
1318 1955 1363 1981 ex
1388 1946 1456 1981 hoc

224 2006 316 2042 libro
342 2006 511 2042 haustam
537 2015 628 2051 esse,
654 2004 739 2050 quia
766 2003 960 2050 simillima,
987 2014 1081 2049 quae
1107 2004 1203 2049 apud
1228 2004 1392 2050 Pappum
1418 2005 1457 2041 in

223 2065 316 2101 libro
342 2065 442 2103 VIII
466 2075 549 2110 pag.
582 2067 685 2109 1024,
701 2062 738 2096 fv
756 2073 794 2099 ss
820 2063 875 2098 ed.
894 2063 1066 2099 Hultsch.
1086 2066 1181 2104 sunt,
1207 2063 1278 2108 ipsi
1302 2063 1455 2100 Gemino

224 2123 487 2160 adscribuntur.
532 2122 638 2169 Quid,
665 2122 759 2167 quod
776 2121 990 2158 Platonicus
1014 2121 1246 2168 philosophus
1265 2123 1331 2159 sub
1349 2122 1456 2159 finem

223 2184 328 2219 huius
353 2183 558 2228 particulae
593 2192 633 2218 se
663 2192 734 2217 non
770 2191 835 2217 sua
869 2181 1098 2226 proposuisse
1132 2181 1340 2227 profitetur,
1376 2192 1456 2218 cum

222 2253 304 2290 pag.
323 2246 412 2288 42‚6
433 2251 471 2278 ss
497 2241 612 2277 dicat:
640 2239 831 2286 τοσαῦτα*)
858 2242 914 2274 καὶ
938 2242 1016 2284 περὶ
1042 2241 1114 2274 τῶν
1139 2241 1197 2283 τῆς
1218 2241 1454 2284 μαθηματικῆς

322 2350 349 2387 *j
371 2349 432 2379 Pro
453 2349 578 2376 τοιαῦτα
599 2348 805 2386 reponendum
831 2350 880 2378 est
906 2348 1053 2380 τοσαῦτα,
1082 2347 1162 2384 quod
1182 2348 1296 2385 passim
1323 2347 1453 2385 legitur;

222 2407 249 2429 e.
269 2408 299 2438 g.
321 2407 414 2438 pagg.
435 2398 484 2436 29,
499 2405 541 2435 123
560 2397 664 2435 82,1⁹;
684 2398 733 2435 81,
744 2402 787 2435 ²⁸3
810 2397 918 2435 100,⁴1;
940 2397 1046 2434 109,⁶.
1240 2443 1280 2475 1‘
