1721 2633
751 133 994 165 -21-

254 230 372 266 lucide
398 232 511 275 patet,
541 233 716 275 quantum
748 230 807 266 hic
826 230 971 267 Gemini
997 240 1084 266 usus
1102 229 1150 265 ad
1176 229 1252 266 eius
1279 228 1484 266 sententias

254 288 481 335 indagandas
507 289 640 326 valeat.

350 349 431 385 Iam
461 349 586 386 variae
611 348 788 385 linearum
819 348 959 394 species
986 348 1079 386 satis
1106 351 1277 385 accurate
1309 359 1484 386 excussae

255 410 347 453 sunt,
363 412 404 444 ut
420 418 628 453 expressam
643 408 727 443 libri
743 408 951 444 Geminiani
965 408 1160 453 imaginem
1175 407 1345 453 effingere
1359 409 1482 453 liceat,

254 467 347 512 quod
378 467 519 512 quidem
553 467 599 503 ad
628 467 745 503 lineas
773 466 920 503 attinet.
970 467 1025 503 At
1052 466 1145 503 enim
1172 467 1282 503 multo
1309 467 1482 512 pauciora

253 527 392 562 tradita
408 531 491 563 sunt
507 528 732 571 documenta,
748 537 840 570 quae
855 527 902 561 ad
912 527 1035 563 varias
1045 526 1253 571 superficies
1264 525 1481 573 (ἐπιφάνειαι)

253 588 438 631 spectant3
471 585 581 622 nihilo
613 585 729 621 minus
760 585 883 621 eodem
914 596 957 621 ac
982 585 1097 621 lineas
1122 585 1226 622 modo
1253 596 1317 621 eas
1343 596 1482 629 quoque

253 656 274 681 a
326 645 478 681 Gemino
529 647 782 690 pertractatas
833 655 913 680 esse
964 644 1184 680 confidenter
1234 643 1481 690 affirmaveris,

252 704 419 748 quoniam
453 704 491 740 in
530 704 675 749 copiosa
714 703 1029 747 commentatione,
1069 714 1161 748 quae
1201 704 1247 739 ad
1281 703 1483 748 superficiei

254 764 500 800 definitionem
528 764 674 799 adiecta
701 766 768 807 est,
797 763 874 799 eius
899 774 1027 799 nomen
1055 763 1190 799 diserte
1216 763 1403 799 laudatur:
1432 765 1485 798 δεῖ

251 824 297 863 δέ,
334 825 435 866 φησὶν
469 821 488 856 ὁ
515 827 667 864 Γεμῖνος,
708 824 826 865 μικτῆς
859 823 1042 865 λεγομένης
1075 824 1239 866 γραμμῆς,
1275 826 1394 866 μικτῆς
1427 826 1481 857 καὶ

250 883 441 924 ἐπιφανείας
464 883 584 916 εἰδέναι
611 881 674 916 τὸν
692 882 826 926 τρόπον
853 885 910 925 τῆς
934 883 1058 923 μίξεως
1084 879 1168 916 ὄντα
1187 880 1356 925 διάφορον
1383 881 1479 927 (pag.

253 945 332 985 117,
347 944 487 985 22-25).
526 941 653 986 Neque
679 952 766 978 vero
796 944 932 986 cetera,
959 951 1051 985 quae
1078 944 1143 977 aut
1167 941 1391 977 antecedunt
1417 944 1481 977 aut

251 1001 528 1045 subsequuntur,
562 1002 607 1037 ab
634 1000 693 1036 illo
726 1001 803 1037 1000
835 1000 1022 1046 segregari
1048 1003 1214 1051 possunt3
1241 1003 1283 1036 ut
1308 999 1481 1036 nonnulla

250 1071 295 1095 ex
312 1060 435 1096 multis
454 1060 612 1104 afferam,
640 1060 761 1096 verbis
792 1058 839 1100 ὠς
864 1060 1002 1101 εἴπομεν
1029 1061 1126 1106 (pag.
1158 1060 1302 1105 117,16)
1327 1060 1480 1096 Proclus

248 1119 295 1155 ad
327 1129 389 1155 eas
417 1118 562 1155 Gemini
594 1118 797 1154 sententias
829 1121 1015 1163 provocat,
1047 1128 1139 1162 quas
1165 1129 1272 1164 pagg.
1305 1121 1380 1163 103,
1392 1123 1475 1152 21—

253 1182 331 1223 104,
344 1183 381 1212 25
417 1179 460 1214 de
496 1178 702 1214 notionibus
736 1177 839 1221 recti,
880 1177 1032 1220 rotundi,
1068 1177 1174 1214 mixti
1208 1177 1478 1223 explicaverat3

249 1237 332 1280 quin
365 1237 476 1272 etiam
507 1237 674 1272 Platonis
705 1237 814 1280 locus,
847 1247 951 1280 quem
988 1236 1163 1272 Geminus
1189 1248 1271 1281 pag.
1307 1241 1386 1281 104,
1402 1242 1479 1270 6—8

248 1297 469 1340 respexerat,
507 1306 526 1330 e
562 1294 705 1340 dialogo
732 1294 950 1330 Parmenide
985 1294 1084 1341 (pag.
1115 1297 1181 1328 137
1219 1294 1306 1341 OD)
1340 1295 1478 1339 petitus

248 1365 330 1400 pag.
363 1357 489 1399 117,17
521 1354 652 1390 iterum
684 1353 842 1389 affertur.
895 1353 1037 1389 Deinde
1063 1364 1145 1400 pag.
1176 1358 1254 1399 118,
1267 1359 1305 1387 24
1331 1365 1367 1390 ss
1395 1354 1477 1390 sim-

248 1414 359 1458 plices
387 1413 595 1458 superficies
623 1424 644 1449 a
668 1413 791 1449 mixtis
818 1423 862 1449 ea
894 1424 999 1457 quam
1018 1413 1109 1449 satis
1136 1414 1308 1450 callemus
1334 1414 1478 1450 ratione

247 1473 520 1518 distinguuntur
539 1476 649 1517 atque
668 1472 920 1519 generationes
939 1473 1117 1518 spirarum
1135 1495 1175 1499 ——
1194 1473 1272 1509 dico
1293 1483 1366 1519 eas,
1385 1484 1478 1518 quae

247 1535 411 1575 σπειρικαὶ
434 1532 620 1574 ἐπιφάνειαι
647 1532 789 1568 Graece
815 1535 994 1568 vocantur
1023 1531 1082 1575 (cf.
1101 1542 1181 1576 pag.
1207 1536 1315 1573 119,7
1340 1533 1402 1577 ss),
1432 1553 1474 1559 —

247 1602 266 1627 e
285 1591 512 1637 motionibus,
532 1602 551 1627 e
570 1591 697 1636 quibus
718 1591 881 1627 oriuntur
899 1590 1117 1636 superficies,
1139 1590 1387 1636 expediuntur.
1418 1591 1476 1628 Ne

248 1652 393 1696 longum
412 1651 554 1694 faciam,
583 1652 652 1686 hac
678 1651 714 1686 111
740 1662 780 1686 re
797 1662 868 1686 non
886 1661 1128 1695 quaecumque
1147 1650 1354 1686 testimonio
1381 1654 1476 1696 sunt,

246 1709 534 1753 perlustraturus
562 1720 649 1750 sum,
678 1709 761 1753 quia
787 1710 877 1745 haec
896 1710 1003 1753 plane
1029 1709 1076 1744 ad
1102 1708 1179 1744 eius
1198 1709 1477 1753 disceptationis

249 1769 450 1813 exemplum
478 1769 703 1805 conformata
722 1771 818 1810 sunt,
846 1779 951 1813 quam
978 1779 997 1804 e
1023 1767 1198 1804 linearum
1226 1767 1476 1813 disquisitione

246 1827 338 1861 satis
355 1828 539 1872 cognitam
553 1829 735 1863 habemus.
766 1829 839 1864 Sed
852 1831 1035 1872 postremo
1050 1829 1088 1864 id
1096 1839 1260 1864 moneam
1275 1828 1476 1873 Geminum,

244 1888 285 1920 ut
323 1896 404 1931 pag.
447 1890 527 1932 251,
542 1891 635 1919 ‘2—11
673 1889 750 1923 tres
782 1887 899 1923 lineas
938 1888 983 1923 ab
1024 1887 1118 1923 omni
1156 1890 1263 1932 parte
1302 1887 1476 1931 aequales

246 1942 487 1990 (ὁμοιομερεῖς)
523 1956 639 1991 11011110
673 1946 794 1991 plures
829 1948 976 1981 exstare
1011 1946 1257 1988 contenderat,
1294 1946 1350 1981 ita
1385 1946 1475 1982 duas

248 2006 391 2040 tantum
418 2005 593 2049 aequales
620 2005 836 2051 superficies,
866 2005 1008 2041 scilicet
1035 2005 1178 2050 planum
1207 2008 1245 2041 et
1271 2005 1473 2051 sphaeram,

249 2064 442 2109 agnovisse
469 2068 580 2109 atque
608 2066 744 2101 eisdem
769 2065 890 2102 verbis
917 2062 956 2109 ἧς
980 2065 1092 2100 πάντα
1117 2070 1219 2099 πᾶσιν
1246 2064 1474 2109 ἐφαρμόττειν

247 2123 390 2157 δύναται
408 2123 450 2156 τὰ
467 2124 551 2166 μέρη
571 2124 669 2170 (pag.
691 2128 767 2168 120,
782 2129 816 2158 11
837 2123 869 2171 3)
889 2124 1106 2161 definivisse.
1147 2123 1202 2160 Cf.
1216 2135 1299 2170 pag.
1319 2128 1426 2170 105,4
1444 2135 1472 2160 s.

245 2181 335 2219 Cum
367 2184 489 2218 autem
520 2182 581 2218 1110
609 2194 670 2220 eas
696 2183 869 2228 rationes,
897 2194 989 2228 quae
1015 2184 1051 2220 iu
1078 2184 1255 2220 linearum
1282 2183 1473 2229 generibus

244 2253 326 2287 pag.
356 2245 486 2285 104,10
512 2252 528 2276 s
552 2242 715 2279 breviter
741 2242 927 2278 indicatae
954 2246 1049 2287 sunt,
1076 2243 1113 2278 in
1138 2243 1207 2279 hac
1225 2254 1365 2288 quoque
1390 2243 1474 2280 libri

244 2304 364 2346 parte,
393 2311 486 2346 quae
512 2304 594 2337 erat
621 2302 665 2337 de
693 2301 890 2347 superficie,
919 2302 1114 2349 diligenter
1141 2302 1402 2349 observaverit,
1434 2303 1471 2340 in
