1721 2633
747 100 792 105 ..-
846 82 891 112 24
949 100 986 105 -

250 178 458 215 nuntiamus
491 188 594 213 omne
627 177 816 213 continens
849 176 962 212 dividi
987 187 1110 221 posse3
1145 177 1209 214 Pr.
1236 188 1320 222 pag.
1351 179 1430 222 278,
1448 181 1487 210 24

250 238 360 272 ἐκεῖνο
387 235 522 279 ἀξίωμα
548 235 677 284 (ἐστὶν),
706 232 759 270 ὅτι
785 237 855 271 πᾶν
883 237 1021 278 συνεχὲς
1047 235 1229 287 διαιρετόν.

349 296 484 340 Itaque
511 295 703 332 Geminum
729 296 824 331 hanc
851 296 969 341 legem
1001 295 1071 331 sibi
1102 295 1333 339 proposuisse
1364 296 1487 332 multis

255 366 300 390 ex
326 355 547 400 fragmentis
573 355 705 390 iterum
731 354 934 398 iterumque
959 353 1197 399 intellegit-ur,
1223 354 1277 389 uti
1299 354 1373 390 tria
1390 354 1487 400 prin-

251 413 423 458 cipiorum
442 423 580 459 genera
595 434 636 439 -
655 412 734 449 dico
749 412 986 459 definitiones,
1013 412 1207 453 axiomata,
1235 413 1423 459 postulata
1443 435 1487 440 —

251 476 293 510 nt
323 473 428 509 firma
460 472 699 508 fundamenta
725 475 936 518 geometrae
968 472 1134 508 subiecta
1159 483 1239 508 esse
1267 473 1488 517 ostenderet,

251 532 380 576 quibus
407 531 552 567 innixus
586 531 633 566 ad
664 530 994 566 demonstrationes
1025 530 1189 575 aliasque
1223 531 1488 575 propositiones

250 591 396 635 tendat,
433 590 471 626 id
502 590 595 634 quod
626 590 663 625 in
690 589 985 634 inscriptionibus
1021 589 1104 626 libri
1136 589 1358 635 explicandis
1393 590 1489 625 haud

252 649 519 696 neglegendum
546 649 624 685 erit.
680 649 752 686 Sed
779 649 824 684 de
847 648 1036 693 principiis
1058 648 1282 694 geometriae
1299 649 1486 684 hactenus.

412 809 434 851 ξ
461 810 494 841 4.
546 807 609 843 De
641 806 929 843 theorematis
961 809 1005 843 et
1035 806 1334 852 problematis.

666 865 723 910 (τὰ
747 864 831 906 μετὰ
858 864 917 907 τὰς
947 865 1077 909 ἀρχάς).

352 935 446 971 Post
472 934 578 970 initia
605 934 829 979 geometrica
856 934 1065 980 disceptata
1093 934 1269 972 Geminus
1300 945 1360 977 ea,
1397 945 1490 980 quae

252 994 388 1040 passim
415 993 538 1030 verbis
565 992 606 1027 τὰ
631 992 715 1034 μετὰ
742 992 804 1035 τὰς
830 993 938 1038 ἀρχὰς
965 994 1023 1038 (ct.
1045 1005 1074 1031 e.
1095 1005 1129 1040 g.
1149 1005 1233 1040 pag.
1255 998 1309 1040 57,
1325 1000 1378 1037 233
1410 997 1488 1041 179,

256 1053 308 1101 13)
352 1052 596 1099 significavit,
650 1053 849 1097 separatim
892 1053 1088 1096 tractavit,
1141 1055 1267 1098 utpote
1310 1053 1370 1098 qui
1413 1053 1490 1098 ipse

253 1123 337 1159 pag.
367 1115 424 1153 58,
451 1117 465 1145 l
494 1111 770 1147 affirmavisset:
806 1109 838 1156 (ἡ
866 1115 1051 1155 γεωμετρία
1076 1120 1221 1147 ποιεῖται
1239 1111 1320 1153 τοὺς
1350 1111 1489 1155 λόγους)

253 1174 361 1216 χωρὶς
400 1173 475 1215 περὶ
511 1175 583 1205 τῶν
621 1171 700 1205 καθ’
735 1169 821 1205 αὐτὰ
857 1171 1143 1215 συμβεβηκότων,
1180 1170 1201 1205 ἃ
1235 1174 1289 1206 καὶ
1324 1173 1491 1206 δείκνυσιν

252 1230 458 1275 ὑπάρχοντα
490 1238 564 1271 τοῖς
589 1228 834 1271 ὑποκειμένοις.
892 1231 1020 1275 Neque
1062 1231 1234 1267 deficiunt
1273 1231 1490 1277 fragmenta,

254 1291 381 1335 quibus
409 1291 503 1325 hanc
528 1289 737 1326 Geminiani
763 1289 847 1325 libri
872 1293 1014 1334 partem
1039 1290 1234 1326 restituere
1260 1290 1363 1333 licet3
1390 1290 1490 1327 velut

254 1361 308 1396 ea,
336 1360 428 1395 quae
454 1349 607 1386 Proclus
633 1360 742 1396 pagg.
768 1352 850 1391 200,
866 1352 1100 1391 22—202,25
1128 1360 1172 1386 ex
1196 1350 1258 1386 illo
1286 1349 1489 1396 exscripsit,

253 1411 323 1446 huc
349 1409 544 1446 referenda
562 1412 658 1445 sunt.
703 1409 852 1445 Etenim
870 1409 1023 1454 primum
1042 1410 1184 1454 quidem
1202 1421 1281 1446 eam
1299 1409 1491 1447 universae

255 1469 442 1518 doctrinae
469 1472 627 1514 partem,
665 1479 757 1513 quae
789 1469 833 1505 de
866 1468 1050 1514 principiis
1079 1473 1151 1510 est,
1189 1470 1234 1505 ab
1262 1480 1320 1511 ea,
1357 1469 1394 1505 in
1420 1480 1491 1513 qua

254 1527 295 1562 τὰ
320 1529 358 1571 ἐξ
383 1529 523 1563 ἐκείνων
549 1527 752 1569 δεικνύμενα
778 1532 832 1563 καὶ
858 1529 1069 1572 ποριζόμενα
1096 1528 1156 1576 (cf.
1179 1540 1262 1575 pag.
1284 1531 1364 1574 201,
1388 1530 1418 1574 1')
1445 1529 1491 1564 ad

255 1588 502 1632 quaestionem
530 1590 722 1629 vocantur,
758 1588 811 1623 illi
843 1588 1117 1624 accuratissime
1149 1591 1383 1634 segregatam
1410 1597 1491 1623 esse

255 1657 364 1692 supra
394 1646 654 1691 perspeximus.
704 1646 849 1683 Deinde
884 1647 1123 1693 geometriam
1157 1647 1195 1683 in
1228 1647 1491 1692 problematum

256 1705 524 1743 exsecutionem
551 1705 753 1751 (ἀπεργασία
779 1717 862 1752 pag.
891 1710 976 1753 201,
998 1706 1031 1753 4)
1069 1709 1106 1742 et
1139 1707 1405 1743 theorematum
1437 1706 1490 1742 in-

254 1765 462 1802 ventionem
490 1763 632 1811 (εῧρεσις
657 1775 740 1810 pag.
770 1768 857 1812 201,
880 1765 913 1812 5)
950 1766 1118 1803 dividens
1151 1768 1343 1810 utrumque
1377 1776 1491 1811 genus

256 1826 391 1862 eisdem
417 1824 541 1862 verbis
568 1828 778 1869 πορίσασθαι
807 1828 845 1861 et
864 1827 993 1868 γνῶναι
1012 1837 1093 1872 pag.
1117 1829 1198 1870 201,
1214 1830 1290 1858 5-—9
1308 1825 1490 1871 designat.

257 1885 385 1929 quibus
413 1884 451 1921 in
468 1885 737 1930 postulatorum
756 1885 1046 1930 axiomatumque
1066 1884 1274 1922 discrimine
1293 1884 1492 1921 definiendo

255 1955 363 1990 pagg.
396 1947 587 1979 178—182
615 1955 702 1980 usus
729 1948 798 1989 est,
826 1945 887 1980 ubi
913 1945 991 1990 ipse
1013 1945 1118 1981 huius
1137 1944 1395 1989 congruentiae
1421 1954 1493 1979 non

255 2003 366 2039 nullis
403 2003 493 2039 locis
533 2003 753 2039 mentionem
788 2003 891 2047 iecit;
932 2003 978 2040 cf.
1014 2014 1121 2049 pagg.
1162 2006 1490 2049 178,14—179,2;

258 2066 483 2109 179,10—12;
516 2064 632 2108 1821.
685 2062 737 2098 Ut
765 2063 859 2099 enim
886 2065 923 2099 et
941 2063 978 2099 in
1004 2063 1200 2099 axiomatis
1227 2066 1264 2100 et
1290 2063 1327 2099 in
1354 2063 1493 2099 theore-

255 2121 368 2159 matis
412 2122 625 2166 geometrici
672 2124 730 2157 est
772 2122 1008 2167 intellegendi
1056 2122 1274 2158 facultatem
1317 2132 1493 2166 usurpare

257 2181 430 2227 (γνῶναι),
467 2180 520 2216 ita
557 2183 594 2216 et
631 2180 669 2216 in
707 2181 903 2225 postulatis
943 2184 981 2216 et
1015 2180 1052 2217 in
1087 2181 1322 2226 problematis
1358 2180 1494 2225 aliquid

258 2240 353 2277 effici
371 2240 432 2277 vel
451 2240 613 2285 componi
636 2242 870 2285 (πορίσασθαι,
899 2239 1158 2287 κατασκευάσαι)
1187 2242 1346 2286 iubetur;
1375 2250 1493 2285 quam-
