1721 2633
653 127 893 160 -67—

159 221 253 266 τικὸς
278 222 374 269 apud
389 226 534 261 veteres
561 224 676 260 multo
704 223 856 270 amplius
876 234 983 269 quam
1000 225 1127 260 nostra
1146 225 1273 259 aetate
1292 221 1388 260 vale-

157 284 232 324 bat,
271 282 370 318 cuius
396 283 449 319 rei
477 283 685 319 testimonio
711 283 982 328 inscriptionem
1008 281 1096 327 πρὸς
1128 280 1389 325 μαθηματικοὺς

158 353 180 377 a
206 342 318 378 Sexto
353 342 536 388 Empirico
570 345 784 388 usurpatam
820 342 979 379 afferam.
1029 341 1171 378 Deinde
1206 341 1291 377 libri
1317 340 1385 378 Ge-

158 401 309 437 miniani
335 406 586 448 argumentum
614 412 702 438 sane
728 402 805 438 eius
832 402 927 438 modi
953 404 1046 446 erat,
1082 403 1123 437 ut
1150 401 1298 445 Pappus
1325 410 1387 436 suo

157 459 234 496 iure
260 460 328 496 hoc
353 471 483 498 nomen
510 460 662 498 Gemino
688 461 841 496 inderet.
1334 497 1336 499 ,

256 519 359 566 Quae
377 532 457 557 cum
476 521 530 557 ita
549 521 633 567 sint,
662 521 825 565 equidem
847 532 938 566 nego
957 521 1108 557 stoicum
1126 520 1226 556 illum
1243 522 1390 565 praeter

158 581 310 624 ceteros,
335 580 429 624 quod
447 579 590 624 quidem
609 580 656 615 ad
673 579 855 624 propriam
873 580 1124 615 mathematici
1142 581 1260 615 artem
1278 581 1388 622 atque

157 637 206 673 ad
231 639 462 675 theoremata
488 638 706 675 invenienda
732 639 880 685 attinet,
916 639 1080 675 acumine
1107 641 1217 683 atque
1244 637 1387 684 ingenio

157 696 331 742 floruisse,
359 708 573 741 quamquam
600 708 645 733 ex
670 698 960 742 philosophorum
988 698 1178 742 disciplina
1203 697 1388 741 profectus

156 765 215 791 res
252 755 534 792 mathematicas
571 756 765 802 congessit,
801 756 988 802 disposuit,
1024 755 1291 801 contemplatus
1318 757 1387 791 est.

156 815 291 852 Verum
334 818 458 851 tamen
499 826 578 850 611111
627 815 712 859 quid
752 815 932 851 sentirent
972 815 1109 860 priores
1146 815 1389 859 aequalesque

156 873 321 915 referret,
358 874 464 909 fidem
499 884 600 909 suam
634 877 743 918 atque
778 874 1006 920 diligentiam
1035 874 1240 919 praestitit3
1277 883 1389 917 quare

158 942 227 968 non
255 935 312 969 est
338 933 431 977 quod
450 943 502 978 ea,
530 943 623 977 quae
649 933 693 968 de
719 934 1000 969 mathematicae
1022 933 1161 979 origine
1179 935 1290 976 atque
1307 943 1387 977 pro-

158 992 343 1037 gressione
371 992 578 1038 explicavit,
605 992 641 1028 in
668 993 906 1038 suspicionem
923 996 1108 1030 vocentur.
1163 991 1258 1038 Quin
1276 992 1388 1028 etiam

157 1061 236 1086 eum
264 1054 450 1086 auctorem
476 1052 695 1096 locupletem
722 1052 924 1088 existimari
950 1054 1102 1097 oportet.

1170 2363 1207 2393 5*
