1721 2633
589 644 805 698 Tabula
841 645 1180 710 argumenti.

265 783 453 819 prooemium

267 841 331 870 cap.
357 835 377 863 Ι.
405 833 442 863 de
464 832 584 862 Gemini
605 832 814 862 mathematici
835 832 1016 870 fragmentis

443 883 460 919 ξ
484 884 509 911 1.
533 883 569 911 de
590 882 754 911 universae
775 882 1012 911 mathematicae
1033 882 1172 919 partibus

444 932 461 969 ξ
484 934 509 960 2.
532 931 568 960 de
589 931 785 968 geometricis
808 931 1035 961 definitionibus

443 981 459 1017 ξ
481 981 508 1010 3.
532 980 568 1010 de
590 979 754 1009 axiomatis
776 982 808 1009 et
830 980 996 1017 postulatis

444 1031 459 1067 ξ
482 1032 509 1058 4.
533 1029 569 1058 de
591 1028 789 1057 theorematis
812 1033 844 1057 et
864 1029 1063 1065 problematis

265 1088 329 1116 cap.
353 1079 392 1108 II.
416 1079 453 1107 de
475 1078 604 1114 ratione,
628 1086 706 1113 quae
728 1077 809 1106 inter
825 1078 983 1107 Geminum
1005 1078 1253 1108 mathematicum
1270 1083 1302 1109 et
1316 1079 1429 1109 stoicos

384 1128 551 1157 intercedit

446 1178 463 1215 ξ
487 1179 512 1207 l.
535 1177 572 1206 de
593 1176 698 1205 Procli
719 1176 794 1206 locis

447 1227 463 1263 ξ
485 1227 511 1256 2.
534 1226 571 1255 de
592 1225 719 1261 reliquis
741 1226 925 1263 fragmentis

444 1276 461 1311 ξ
483 1276 509 1304 3.
533 1275 569 1303 de
592 1273 713 1303 Gemini
734 1274 920 1304 adversariis

269 1333 334 1361 cap.
359 1325 411 1352 111.
435 1325 471 1353 de
494 1324 614 1353 Gemini
634 1324 712 1352 libro
734 1324 949 1353 mathematico

448 1374 465 1412 ξ
489 1375 514 1402 1.
539 1374 575 1403 de
596 1373 666 1402 libri
688 1373 862 1402 condicione

440 1424 457 1459 ξ
478 1425 505 1452 2.
529 1423 566 1452 de
586 1422 837 1459 inscriptionibus
858 1422 981 1451 traditis

445 1472 463 1510 ξ
485 1474 512 1501 3.
535 1472 572 1500 de
593 1472 726 1500 Heronis
748 1471 980 1501 definitionibus

264 1530 329 1559 cap.
355 1521 408 1551 IV.
431 1521 467 1551 de
490 1521 610 1551 Gemini
631 1520 754 1559 ingenio
777 1524 810 1550 et
830 1520 889 1550 fide

263 1580 327 1609 cap.
350 1572 386 1600 V.
410 1572 446 1600 de
467 1575 593 1600 auctore
623 1574 795 1600 ceterorum
817 1571 979 1608 librorum,
1008 1571 1059 1608 qui
1090 1571 1144 1601 sub
1166 1571 1286 1601 nomine
1308 1571 1427 1601 Gemini

381 1621 523 1650 feruntur

442 1671 457 1707 ξ
480 1671 506 1699 1.
529 1669 565 1699 de
587 1668 698 1698 studiis
719 1669 966 1707 meteorologicis

441 1720 458 1757 ξ
481 1721 506 1748 ’2.
529 1719 566 1748 de
588 1718 698 1748 studiis
720 1718 934 1748 astronomicis

265 1778 327 1806 cap.
351 1769 404 1798 VI.
427 1769 464 1798 de
485 1768 553 1798 vita

264 1818 356 1848 iudex
376 1819 512 1848 locorum
535 1817 784 1848 Geminianorum

265 1868 449 1905 epimetrum
