1721 2633
762 98 1007 129 ...33-

362 194 444 230 Iam
468 203 555 230 vero
584 192 674 230 satis
701 192 827 229 multis
859 191 1083 238 argumentis
1112 192 1315 230 stabilitum
1342 194 1399 229 est
1428 191 1500 230 Ge-

265 254 359 290 mino
385 255 532 289 tantum
557 253 712 289 rationis
740 264 819 289 cum
836 252 1031 288 Posidonio
1057 252 1295 296 intercedere,
1322 255 1363 289 ut
1390 252 1502 288 ceteri

266 323 389 349 omnes
420 312 501 357 loci,
529 312 657 356 quibus
684 311 762 348 sive
790 311 984 347 stoicorum
1009 310 1340 356 Epicureorumque
1365 312 1500 348 dissen-

265 372 387 408 siones
404 373 729 408 commemorantur
747 370 825 407 sive
840 370 1061 415 Apamensis
1079 370 1281 407 auctoritas
1297 371 1501 416 respicitur,

264 431 375 467 iustis
401 430 444 466 de
464 430 586 466 causis
613 430 661 465 ad
686 429 784 465 illius
802 430 933 465 librum
959 429 1260 465 mathematicum
1285 431 1501 476 relege-ntur.

265 490 310 526 In
341 489 399 525 his
428 489 580 525 Proclus
611 499 718 534 pagg.
747 490 1025 534 322‚4—323,5
1058 490 1187 524 contra
1213 488 1405 534 Gargettii
1430 489 1501 525 dis-

267 549 417 594 cipulos,
445 548 505 592 qui
531 548 599 583 hoc
625 548 814 583 theorema
843 548 902 592 „in
922 547 1048 592 quovis
1076 547 1261 593 triangulo
1288 548 1356 584 duo
1382 548 1503 584 latera

266 607 402 652 reliquo
433 606 571 643 maiora
602 608 688 642 sunt
719 617 859 651 quoquo
886 606 988 642 modo
1028 606 1240 643 coniuncta“
1276 606 1442 643 cavillati
1467 607 1504 644 id

268 668 379 704 etiam
407 667 509 703 asino
536 666 622 702 fune
649 666 802 711 alligato
830 666 907 702 sine
939 666 1250 702 demonstratione
1276 666 1503 711 perspicuum

267 737 349 763 esse
374 726 648 771 praedicabant,
675 736 747 762 non
765 736 831 761 sua
859 728 987 770 sponte
1013 726 1127 762 verba
1145 726 1246 770 fecit,
1275 726 1339 762 sed
1358 725 1503 763 Gemini

266 786 326 822 vel
359 786 481 830 potius
516 785 704 820 Posidonii
746 784 950 821 sententias
984 785 1122 821 retulit.
1177 785 1249 822 Sed
1283 795 1328 821 ne
1365 785 1503 831 Edgari

268 844 448 890 Martinii,
484 844 592 880 amici
618 844 705 886 mei,
735 844 794 888 qui
819 843 1041 889 Apamensis
1066 844 1239 889 reliquias
1265 844 1503 890 indagaturus

267 915 407 941 mecum
438 904 482 940 de
509 905 578 940 1100
609 904 687 940 1000
714 904 914 940 collocutus
941 907 1010 949 est,
1042 903 1196 940 circulos
1222 905 1376 946 turbem,
1409 904 1504 940 hanc

268 974 343 1001 rem
361 974 432 1000 non
460 963 612 1008 amplius
639 973 848 1008 persequar,
876 963 1093 1008 praesertim
1119 973 1198 1000 cum
1225 974 1279 1005 ea,
1308 973 1400 1008 quae
1418 962 1504 999 mihi

269 1022 455 1069 proposita
483 1025 578 1066 sunt,
606 1021 699 1058 satis
726 1021 940 1057 confirmata
967 1032 1046 1058 esse
1072 1021 1161 1057 mihi
1186 1021 1389 1058 videantur.

367 1081 561 1125 Reliquum
592 1080 708 1127 igitur
741 1083 812 1123 est,
849 1083 891 1117 ut
923 1091 985 1117 eos
1016 1080 1203 1117 Posidonii
1236 1081 1336 1117 locos
1366 1081 1504 1126 perlus-

269 1145 416 1186 tremus,
444 1150 532 1185 quos
560 1151 579 1175 e
598 1139 744 1177 Gemini
766 1140 856 1176 libro
883 1139 1030 1176 fluxisse
1058 1140 1129 1176 etsi
1154 1151 1225 1176 non
1252 1140 1504 1186 demonstrari,

270 1203 435 1237 attamen
466 1210 599 1245 magna
626 1209 705 1235 cum
737 1198 1011 1244 probabilitatis
1044 1199 1165 1245 specie
1192 1200 1343 1245 supponi
1373 1202 1505 1245 potest.

271 1260 359 1297 Cum
388 1259 481 1295 enim
499 1259 652 1295 Proclus
680 1261 718 1294 et
745 1259 782 1294 in
808 1259 1158 1304 parallelogrammis
1186 1262 1224 1295 et
1250 1259 1287 1295 in
1310 1259 1505 1305 triangulis

270 1318 538 1365 distinguendis
558 1321 678 1364 (pagg.
696 1322 776 1359 169,
792 1322 827 1351 10
843 1340 869 1344 —
882 1320 963 1359 170,
979 1323 1016 1351 12
1030 1321 1068 1354 et
1081 1329 1165 1364 pag.
1184 1322 1263 1364 168,
1275 1319 1388 1365 3-12)
1405 1319 1505 1355 Posi-

270 1379 368 1416 donii
394 1378 653 1415 auctoritatem
687 1378 873 1423 amplexus
899 1377 958 1423 sit,
991 1378 1051 1423 qui
1078 1381 1205 1415 eontra
1231 1378 1418 1416 Euclidem
1444 1378 1503 1424 (cf.

270 1439 292 1475 1.
312 1439 333 1475 I
357 1438 426 1475 (101.
448 1440 604 1482 30-34)
636 1438 710 1474 alia
745 1437 959 1484 disponendi
984 1438 1128 1475 ratione
1154 1439 1341 1484 proposita
1367 1441 1506 1484 septem

270 1498 458 1542 utriusque
484 1498 622 1534 formae
642 1498 783 1542 species
802 1497 987 1539 discrevit,
1015 1499 1086 1534 hae
1104 1498 1326 1544 digestiones
1346 1498 1393 1534 ad
1409 1498 1505 1533 illius

270 1557 353 1594 libri
388 1556 599 1594 Geminiani
639 1559 897 1603 argumentum>
931 1556 1066 1603 optime
1102 1557 1299 1604 quadrant,
1339 1557 1506 1603 quoniam

270 1617 438 1653 notiones
464 1617 706 1662 geometricas
725 1618 770 1652 ab
790 1617 852 1652 illo
877 1617 1082 1661 descriptas
1101 1619 1211 1661 atque
1241 1619 1340 1653 certo
1359 1617 1505 1653 consilio

270 1676 308 1712 in
335 1679 463 1721 partes
491 1676 629 1712 divisas
649 1686 729 1712 esse
758 1686 803 1711 ex
829 1675 891 1721 eis,
919 1686 1011 1720 quae
1035 1676 1152 1712 adhuc
1179 1676 1223 1712 de
1242 1676 1302 1711 illo
1327 1676 1418 1712 libro
1446 1686 1504 1712 ex-

270 1736 426 1780 planata
458 1738 552 1780 sunt,
588 1745 677 1771 sane
711 1737 867 1771 constat.
922 1734 1041 1781 Quid?
1081 1735 1175 1780 quod
1205 1736 1266 1771 vel
1297 1735 1506 1771 definitione

270 1794 506 1841 geometriae,
536 1805 627 1839 quae
654 1794 691 1830 in
716 1794 843 1830 formis
871 1793 1044 1841 (σχήματα
1071 1805 1153 1840 pag.
1176 1793 1297 1842 57‚11)
1323 1798 1504 1839 versatur,

270 1854 397 1900 procul
429 1853 535 1890 dubio
568 1853 806 1900 efflagitatur,
842 1857 884 1890 ut
916 1864 994 1890 cum
1028 1854 1211 1900 generalis
1242 1853 1379 1891 formae
1404 1854 1505 1890 notio

272 1913 500 1949 describatur
518 1915 597 1948 tum
617 1912 782 1959 singulae
800 1912 938 1949 formae
957 1916 1211 1959 congerantur,
1240 1924 1259 1949 e
1277 1914 1405 1958 quibus
1421 1924 1505 1950 non-

271 1973 391 2009 nullas
419 1972 561 2017 species
579 1975 620 2008 ut
647 1972 844 2018 triangula,
871 1972 1132 2018 quadrilatera,
1160 1972 1312 2010 circulos
1331 1972 1506 2010 Geminus

272 2031 349 2077 ipse
385 2043 465 2077 pag.
495 2035 602 2077 58,10
629 2042 645 2067 s
678 2032 875 2076 proposuit.
929 2032 1051 2078 Quare
1088 2042 1168 2067 eam
1195 2042 1333 2076 quoque
1367 2031 1506 2067 formae

272 2090 551 2135 descriptionem
579 2092 674 2135 (pag.
707 2094 817 2134 143,8
844 2092 906 2134 ss),
942 2100 1033 2134 quae
1061 2100 1083 2125 a
1107 2090 1303 2126 Posidonio
1330 2092 1506 2134 concepta

272 2151 339 2195 est,
367 2159 412 2184 ex
439 2149 563 2185 eodem
591 2149 682 2184 libro
710 2159 790 2185 esse
816 2148 974 2194 petitam
1001 2151 1071 2194 est,
1098 2159 1162 2184 cur
1188 2153 1391 2185 censeatur.

370 2207 562 2244 Postremo
604 2208 799 2244 stoicorum
834 2207 1036 2252 sententia,
1077 2218 1167 2252 quae
1206 2219 1289 2254 pag.
1322 2212 1506 2248 89‚15—1⁷

273 2270 588 2314 commemoratur,
631 2266 754 2312 aliqua
789 2277 835 2304 ex
874 2269 981 2313 parte
1014 2267 1084 2304 11110
1116 2266 1313 2311 referatur3
1353 2267 1418 2304 sed
1452 2277 1506 2315 ea,
