1721 2633
349 771 536 823 Quotquot
553 770 622 807 viri
640 771 737 806 docti
755 771 799 806 de
818 770 961 807 Gemini
980 773 1086 808 stoici
1103 773 1183 808 vita
1200 773 1261 808 vel
1284 773 1328 808 de
1346 773 1480 817 libello,

252 829 313 874 qui
337 829 445 875 vulgo
474 832 617 870 Γεμίνου
643 827 807 872 εἰςαγωγὴ
831 831 875 870 εἰς
897 828 938 863 τὰ
964 830 1153 873 φαινόμενα
1171 830 1406 876 inscriptus*)
1435 831 1482 867 ad

250 892 415 925 nostram
439 889 608 934 pervenit
634 892 810 934 aetatem,
845 890 904 926 vel
930 890 974 926 de
1000 902 1119 927 rerum
1145 890 1361 927 caelestium
1388 902 1480 927 com-

251 947 446 992 mentario,
490 947 589 983 cuius
627 948 846 983 mentionem
884 948 1051 985 fecerunt
1089 949 1301 985 Alexander
1339 950 1480 994 Aphro-

252 1006 420 1043 disiensis
446 1007 484 1043 in
502 1006 661 1052 Simplic.
690 1017 812 1043 comm.
838 1007 886 1043 ad
902 1007 1061 1044 Aristot.
1081 1009 1183 1055 phys.
1204 1019 1285 1055 pag.
1308 1012 1389 1054 291,
1407 1014 1444 1042 21
1464 1019 1481 1045 s

253 1066 307 1102 ed.
335 1066 452 1103 Diels.
481 1068 518 1101 et
543 1065 754 1102 Priscianus
772 1066 899 1111 Lydus
925 1066 964 1102 in
989 1067 1095 1103 solut.
1117 1068 1164 1103 ad
1182 1068 1377 1104 Chosroem
1399 1078 1482 1113 pag.

254 1128 310 1171 42,
327 1130 363 1158 10
381 1125 436 1161 ed.
456 1125 655 1170 Bywater„
683 1124 916 1169 quaestiones
935 1125 1213 1167 constituerunt,
1241 1127 1323 1162 ideo
1341 1126 1482 1172 magnis

254 1184 454 1219 conflictati
480 1187 565 1220 sunt
584 1183 873 1228 difficultatibus,
902 1184 996 1227 quod
1015 1185 1276 1220 mathematica
1302 1186 1406 1220 huius
1425 1185 1481 1220 ho-

253 1242 358 1279 minis
393 1242 514 1278 studia
547 1241 827 1278 reformidantes
863 1245 1114 1287 argumentum
1154 1254 1197 1278 ac
1236 1243 1483 1279 condicionem

254 1302 331 1339 eius
359 1301 452 1347 libri,
478 1301 515 1338 in
542 1312 609 1346 quo
636 1301 897 1338 mathematica
923 1303 1090 1338 tractata
1116 1305 1229 1346 erant,
1258 1313 1385 1347 parum
1404 1313 1483 1348 cog—

254 1363 335 1398 nita
360 1362 557 1398 habebant.
608 1362 653 1397 In
680 1361 822 1406 copioso
858 1363 980 1397 autem
1011 1362 1344 1407 commentario**),
1381 1373 1484 1406 quem

254 1421 291 1457 in
319 1420 480 1456 Euclidis
508 1421 700 1456 Elementa
725 1421 878 1456 Proclus
894 1420 1105 1456 Diadochus
1132 1421 1344 1465 composuit,
1372 1421 1486 1457 multa

256 1491 300 1516 ex
334 1480 425 1516 libro
461 1480 614 1524 quodam
647 1479 792 1516 Gemini
826 1479 1076 1515 mathematici
1116 1490 1220 1524 quem
1256 1483 1391 1516 vocant
1426 1480 1485 1516 de-

255 1541 421 1584 prompta
448 1549 529 1575 esse
560 1539 620 1574 vel
645 1538 728 1574 inde
754 1538 946 1584 probatur,
972 1538 1067 1582 quod
1092 1538 1189 1575 illius
1216 1549 1344 1575 nomen
1369 1539 1406 1575 in
1432 1539 1485 1575 in-

256 1603 366 1644 tegra
383 1600 500 1643 parte,
528 1608 621 1642 quae
645 1597 692 1633 ad
709 1597 861 1642 primum
879 1597 1151 1634 Elementorum
1170 1598 1299 1634 librum
1316 1598 1487 1644 pertinet,

257 1656 550 1702 frequentissime
592 1657 773 1692 laudatur.
851 1657 1054 1692 Praeterea
1097 1656 1255 1693 eiusdem
1299 1657 1487 1702 scriptoris

257 1717 407 1761 Pappus
432 1715 703 1751 Alexandrinus
730 1715 841 1751 semel
866 1715 904 1750 in
931 1714 1155 1751 Oollectione
1188 1726 1253 1751 sua
1281 1718 1389 1760 atque
1416 1717 1487 1752 Eu-

258 1775 374 1812 tocius
400 1775 438 1811 in
457 1774 723 1811 commentariis
742 1774 789 1809 ad
807 1773 993 1819 Apollonii
1010 1773 1169 1819 Pergaei
1187 1774 1489 1819 Archimedisque

256 1834 368 1871 libros
394 1834 572 1870 confectis
598 1833 655 1870 bis
680 1833 858 1869 rationem
884 1833 1099 1876 habuerunt,
1126 1844 1191 1878 per
1208 1844 1296 1877 quos
1323 1836 1489 1870 auctores

258 1894 326 1929 duo
341 1893 441 1929 tituli
457 1896 533 1936 περὶ
551 1894 611 1936 τῆς
633 1894 704 1926 τῶν
717 1892 935 1935 μαθημάτων
952 1892 1083 1934 τάξεως
1096 1894 1134 1927 ef,
1152 1891 1171 1935 ἡ
1186 1897 1256 1926 τῶν
1273 1892 1490 1936 μαθημάτων

259 1956 388 1996 θεωρία
420 1952 629 1997 posteritati
660 1951 799 1988 servati
826 1954 920 1987 sunt.
974 1950 1047 1987 Sed
1074 1950 1157 1986 aliis
1193 1962 1331 1996 quoque
1366 1951 1490 1988 multis

260 2012 381 2048 Procli
406 2011 510 2057 10013,
544 2011 670 2056 quibus
697 2010 807 2046 fontis
833 2009 1004 2046 indicium
1031 2010 1151 2055 deest,
1183 2020 1253 2045 non
1279 2010 1382 2046 modo
1410 2021 1489 2046 sen-

260 2072 413 2117 tentiae,
440 2081 562 2108 verum
590 2070 702 2107 etiam
726 2070 840 2106 verba
867 2069 913 2105 ab
939 2068 1001 2104 illo
1027 2068 1188 2114 repetita
1207 2078 1288 2105 esse
1305 2068 1490 2114 videntur3

261 2132 352 2167 certi
377 2134 502 2167 tamen
529 2130 720 2174 quidquam
744 2129 899 2165 nondum
922 2128 1156 2164 constitutum
1188 2132 1257 2165 est.
1312 2128 1384 2165 Sed
1412 2139 1491 2165 cum

378 2249 406 2287 *)
427 2248 472 2278 De
504 2247 737 2285 inscriptionum
768 2245 973 2284 discrepantia
1003 2244 1040 2275 cf.
1073 2244 1112 2275 Μ.
1138 2244 1299 2283 Manitius,
1330 2248 1489 2279 comment⁴

260 2298 446 2329 Fleckeisen.
469 2307 496 2327 a.
516 2296 701 2327 MDCCCXC
720 2305 789 2334 pag.
814 2296 878 2333 103,
891 2303 917 2325 τ.

360 2347 407 2387 **)
427 2346 524 2381 edidit
544 2345 698 2377 Friedlein
718 2345 839 2384 Lipsiae
860 2354 887 2376 a.
908 2343 1184 2375 MDCCCLXXIII.
