1721 2633
738 125 978 156 ...71—

244 218 287 255 οὐ
311 219 380 263 μὴν
407 219 493 254 κατὰ
520 219 578 262 τὰς
603 220 707 262 αὐτὰς
732 221 934 262 βαδιοῦνται
968 225 1040 256 κτλ.
1061 220 1138 256 scil.
1158 219 1177 255 ὁ
1204 219 1349 262 φυσικὸς
1374 220 1429 254 καὶ
1456 230 1476 252 ο

246 277 460 322 ἀστρολόγος
499 279 597 326 (pag.
618 278 814 325 292,5D.).
869 278 995 314 Nihilo
1030 279 1148 315 secius
1184 282 1374 323 utramque
1404 277 1476 313 dis-

244 337 413 384 ciplinam
439 349 549 384 saepe
577 338 625 375 ad
655 338 811 375 alteram
836 337 1038 375 redundare
1065 340 1103 374 et
1128 337 1186 374 hic
1215 349 1297 384 pag.
1325 340 1440 385 292,ss
1458 347 1475 373 s

242 397 288 433 D.
314 402 494 441 πολλαχοῦ
521 402 640 432 τοίνυν
672 396 798 432 ταύτὸν
833 397 1020 439 κεφάλαιον
1056 397 1231 440 ἀποδείξαι
1264 397 1475 441 προθήσεται

243 451 300 491 ὅτε
333 454 546 501 ἀστρολόγος
576 460 631 491 καὶ
665 455 685 491 ὃ
716 454 858 499 φυσικὸς
888 460 961 490 κτλ.
1001 459 1038 492 et
1068 457 1348 493 mathematicus
1379 455 1475 501 apud

241 516 409 550 Proelum
437 526 519 560 pag.
540 519 596 559 41,
611 520 648 548 23
673 515 798 551 verbis
824 513 858 560 (ἡ
877 514 1096 561 ἀστρολογία)
1127 515 1218 550 πολὺ
1245 518 1281 550 δὲ
1307 519 1362 550 καὶ
1387 514 1475 559 πρὸς

242 573 303 617 τὴν
343 572 492 616 φυσικὴν
526 574 798 607 ἐπικοινωνοῦσα
832 576 985 617 θεωρίαν
1019 577 1225 615 asseverat,
1265 584 1357 618 quae
1391 584 1472 609 con-

242 633 412 679 gruentia
455 636 496 669 ut
538 632 757 679 gravissima
798 633 994 678 praecipue
1035 633 1221 679 urguenda
1264 643 1345 670 esse
1386 632 1473 669 mihi

239 692 394 729 videtur.

336 753 451 788 Porro
494 752 618 788 stilum
653 751 812 797 Gemini,
852 752 913 796 qui
945 755 1021 795 περὶ
1056 756 1114 795 τῆς
1146 754 1218 787 τῶν
1257 750 1474 797 μαθημάτων

239 812 369 854 τάξεως
404 811 616 857 disputavit,
651 812 895 857 fragmentum
931 812 977 847 ab
1008 812 1217 849 Alexandro
1252 818 1471 864 exscriptum

240 882 281 907 eo
307 871 459 912 redolet,
493 871 587 915 quod
612 882 735 907 rursus
770 870 870 907 notio
897 869 1032 913 εὐταξία
1059 871 1334 917 diligentissime
1359 879 1471 924 respi-

240 931 349 975 citur;
376 930 484 967 velim
508 931 598 966 haec
623 930 842 975 perpendas:
870 929 905 975 (ὁ
922 928 1075 973 φυσικὸς)
1102 934 1204 975 περὶ.
1227 962 1232 967 .
1255 960 1262 967 .
1282 961 1290 969 .
1318 937 1471 979 τάξεως

240 988 485 1024 ἀποδεικνύναι
512 989 655 1024 δύναται
675 1016 682 1023 .
702 1016 710 1023 .
730 1016 738 1023 .
753 1002 760 1009 ·
788 989 1004 1023 ἀποδείκνυσι
1031 988 1146 1034 δὲτὴν
1171 992 1287 1034 τάξιν
1312 1000 1385 1031 τῶν
1411 996 1469 1032 οὐ-

240 1052 370 1092 ρανίων
413 1049 571 1090 κόσμον
615 1047 726 1089 ὄντως
769 1047 973 1091 ἀποφήνασα
1007 1048 1070 1083 τὸν
1105 1049 1258 1093 οὐρανὸν
1292 1051 1311 1097 ἡ
1346 1053 1469 1100 ἀστρο-

238 1112 335 1151 λογία
371 1109 469 1154 (pag.
505 1110 717 1150 291‚26—28
743 1108 815 1151 D.).

340 1167 431 1202 Tum
450 1166 625 1203 Geminus
646 1167 683 1202 in
708 1167 769 1202 illo
796 1177 934 1211 quoque
952 1166 1157 1212 fragmento
1176 1170 1223 1205 ad
1239 1171 1469 1221 principia*)‚

238 1227 331 1263 unde
356 1225 607 1261 mathematici
633 1226 876 1267 exordiuntur,
904 1225 1057 1261 animum
1083 1226 1279 1272 diligenter
1305 1231 1470 1268 advertit

239 1289 348 1330 atque
376 1284 552 1331 causas,*)
581 1285 708 1329 quibus
726 1296 785 1321 res
812 1284 1057 1330 expediantur,
1083 1286 1344 1325 mathematico
1366 1290 1468 1327 inda-

237 1345 377 1392 gandas
416 1355 496 1381 esse
532 1345 727 1389 contendit,
762 1344 799 1379 id
830 1344 923 1388 quod
947 1343 1006 1379 hic
1032 1343 1260 1381 admonuisse
1287 1348 1380 1384 satis
1407 1350 1467 1392 sit,

238 1406 322 1450 quia
366 1415 650 1450 unamquamque
693 1403 962 1440 similitudinem
1004 1402 1083 1440 fuse
1125 1404 1323 1450 explanare
1357 1411 1469 1454 atque

237 1466 428 1501 verborum
466 1467 679 1500 concentum
715 1464 851 1499 diserte
885 1463 1046 1498 indicare
1077 1464 1190 1509 piget.
1242 1466 1469 1512 Quamquam

238 1526 358 1560 autem
378 1523 541 1568 equidem
559 1523 657 1559 haud
674 1522 799 1569 ignoro
817 1522 990 1567 proxima,
1019 1521 1050 1557 si
1069 1522 1145 1558 sola
1163 1527 1314 1568 praesto
1333 1531 1468 1569 essent,

237 1595 308 1620 non
334 1584 389 1619 ita
408 1583 530 1628 magni
547 1582 668 1618 futura
687 1593 767 1618 esse
785 1581 963 1626 ponderis,
990 1586 1115 1618 tamen
1142 1583 1175 1618 si
1192 1584 1239 1620 ad
1257 1585 1331 1621 alia
1358 1590 1468 1631 atque

238 1653 281 1678 ea
307 1642 479 1688 graviora
506 1641 694 1685 accedunt,
721 1651 791 1676 non
817 1640 1042 1686 neglegenda
1069 1651 1150 1677 esse
1177 1643 1354 1680 existimo.

333 1701 501 1746 Denique
531 1702 623 1737 bene
656 1700 763 1745 cadit,
797 1699 890 1744 quod
916 1699 1043 1735 eadem
1069 1710 1176 1738 arcus
1212 1703 1381 1740 caelestis
1408 1715 1467 1740 ex—

237 1761 395 1806 plicandi
426 1760 522 1796 ratio
547 1759 740 1795 Posidonio
766 1760 932 1804 probata,
965 1769 1072 1802 quam
1098 1771 1120 1795 a
1148 1760 1300 1798 Gemino
1326 1764 1467 1800 mathe-

237 1821 370 1857 matico
404 1822 590 1865 receptam
624 1829 704 1855 esse
740 1817 838 1865 (vide
873 1828 983 1863 supra
1016 1829 1100 1865 pag.
1123 1820 1186 1866 43)
1211 1820 1467 1869 intelleximus,

238 1881 350 1916 etiam
381 1880 634 1924 meteorologo⁷
668 1879 725 1914 cui
750 1889 878 1914 nomen
905 1878 1057 1915 Gemino
1085 1882 1152 1925 est,
1185 1882 1230 1917 ab
1257 1881 1466 1919 Alexandro

237 1938 515 1984 Aphrodisiensi
555 1937 740 1981 tribuitur;
782 1938 1062 1974 commentarius
1104 1939 1196 1974 em'm
1235 1939 1272 1975 in
1307 1940 1464 1978 Aristot.

237 1998 389 2034 Meteor.
415 1998 436 2033 l.
463 1998 527 2033 111
554 2008 583 2033 c.
612 2001 632 2031 4
659 1996 680 2044 ξ
708 1999 726 2030 9
758 1997 799 2044 (t.
825 1997 868 2032 II
893 2007 977 2043 pag.
1010 2000 1074 2033 127
1096 2008 1113 2034 s
1140 1998 1193 2034 ed.
1212 1999 1349 2047 Ideler)
1376 2002 1465 2036 haec

238 2057 398 2093 exhibet:
443 2057 474 2090 οἱ
522 2058 558 2090 δὲ
600 2058 676 2100 περὶ
719 2060 864 2097 Γεμῖνον
906 2059 962 2090 καὶ
1000 2057 1117 2091 Αὶλιον
1160 2060 1204 2098 εἰς
1248 2060 1353 2101 δεῖξιν
1403 2061 1466 2093 τοῦ

237 2116 411 2160 ἔμφασιν
445 2114 508 2159 τὴν
543 2115 611 2159 ἶριν
642 2115 725 2149 εἶναι
758 2119 1000 2159 προςχρῶνται
1019 2142 1134 2151 .....
1146 2144 1154 2161 ‚
1194 2114 1310 2162 ὥσπερ
1345 2116 1465 2162 ὁρᾶται

237 2179 406 2210 ποιοῦντα
432 2174 473 2208 τὰ
490 2175 530 2208 ἐν
549 2182 635 2215 τοῖς
659 2174 910 2218 κατόπτροις
934 2174 1228 2218 ἐμφαινόμενα,
1257 2177 1465 2221 quibuscum

335 2302 364 2343 ¹⁸)
385 2301 462 2333 Vide
482 2310 575 2341 supra
595 2303 747 2342 pagg—22
768 2310 813 2340 εις
835 2302 881 2333 42.
