1721 2633
707 638 868 703 Caput
900 639 948 689 II.

211 739 273 777 De
301 737 484 785 ratione,
522 748 629 785 quae
662 737 774 775 inter
802 736 1017 775 Geminum
1043 737 1376 776 mathematicum
1403 739 1446 776 et

619 796 771 835 stoicos
797 796 1036 835 intercedit.

568 878 587 921 ξ
618 881 646 911 1.
701 877 763 912 1)0
796 876 944 912 Procli
975 877 1092 913 10015.

305 945 542 992 Fragmentis
566 946 669 981 modo
689 945 853 981 collectis
872 945 986 981 innixi
1004 946 1108 991 plura
1126 946 1303 992 indagare
1321 956 1444 991 possu-

206 1016 302 1050 mus,
339 1006 528 1040 dummodo
555 1005 751 1049 rationem,
784 1015 877 1048 quae
903 1004 1000 1040 inter
1026 1004 1218 1041 Geminum
1244 1006 1445 1040 mathema-

211 1064 323 1100 ticum
342 1067 380 1099 et
399 1064 534 1100 stoicos
552 1064 771 1107 intercedat,
797 1063 1025 1108 exploratam
1045 1064 1252 1100 habeamus.
1295 1063 1447 1100 Proclus

207 1124 301 1160 enim
321 1123 483 1159 Euclidis
501 1124 696 1159 Elementa
715 1123 990 1168 interpretatus,
1018 1124 1102 1167 quid
1121 1123 1227 1159 stoici
1254 1123 1447 1168 senserint,

208 1183 331 1218 multis
358 1183 448 1218 10015
475 1183 641 1222 tradidit,
669 1193 757 1226 quos
784 1183 830 1217 ab
858 1192 899 1217 eo
927 1192 997 1217 non
1021 1174 1066 1218 e'x
1082 1182 1160 1227 ipso
1178 1183 1279 1218 fonte
1296 1183 1447 1218 haustos

209 1252 301 1286 esse,
330 1242 395 1278 sed
420 1252 485 1287 per
510 1242 649 1278 rivulos
668 1241 842 1286 quosdam
862 1241 909 1277 ad
927 1252 1007 1277 eum
1026 1252 1195 1278 manasse
1212 1241 1308 1278 inter
1326 1251 1448 1278 omnes

211 1305 367 1337 constat.
404 1302 543 1337 Restat
560 1302 685 1346 igitur,
705 1305 746 1336 ut
765 1311 827 1336 eos
846 1301 1118 1346 investigemus,
1142 1312 1290 1345 quorum
1309 1311 1329 1336 e
1347 1300 1448 1336 libris

209 1360 422 1396 Platonicus
448 1360 645 1396 stoicorum
672 1360 886 1405 sententias,
914 1371 1002 1405 quas
1021 1368 1216 1407 congestas
1234 1359 1385 1406 invenit,
1411 1359 1449 1395 in

213 1432 313 1457 suum
341 1420 636 1456 commentarium
662 1420 965 1465 transscripserit.

308 1480 367 1515 Ac
392 1479 545 1523 primum
564 1480 705 1523 quidem
725 1480 917 1516 Geminum
936 1490 1016 1516 esse
1036 1483 1229 1525 auctorem,
1256 1479 1316 1524 qui
1335 1479 1449 1523 Chry-

212 1539 307 1584 sippi
334 1539 442 1575 stoici
470 1542 704 1584 praeceptum
732 1539 1032 1584 suppeditaverit,
1058 1538 1242 1583 interpres
1268 1548 1350 1583 pag.
1370 1541 1450 1582 395,

214 1603 248 1631 13
268 1609 305 1633 ss
333 1598 480 1633 disertis
505 1598 628 1634 verbis
655 1598 827 1634 affirmat.
880 1599 1009 1642 Neque
1035 1609 1121 1634 vero
1148 1608 1193 1633 ea
1220 1598 1348 1641 verba,
1374 1596 1449 1640 qui-

214 1658 281 1692 bus
308 1657 514 1701 paradoxus
533 1657 595 1692 ille
615 1657 714 1692 locus
738 1657 1079 1693 mathematicorum
1102 1659 1140 1692 et
1159 1656 1317 1691 studium
1343 1655 1450 1690 mira-

212 1716 334 1752 bilium
368 1715 651 1762 propositionum
679 1716 732 1752 illi
759 1717 906 1753 scholae
933 1717 1142 1752 adamatum
1167 1726 1249 1762 pag.
1270 1717 1356 1761 397,
1380 1719 1395 1748 1
1414 1725 1450 1750 ss

214 1779 551 1817 commemorantur,
580 1777 625 1811 ab
653 1777 719 1812 1100
745 1776 955 1813 testimonio
983 1778 1077 1822 (pag.
1104 1778 1185 1817 395,
1207 1781 1243 1808 13
1267 1777 1318 1819 ss)
1346 1785 1450 1820 sepa-

212 1835 288 1870 rari
313 1846 419 1879 posse
445 1835 553 1880 paulo
581 1845 690 1880 supra
718 1835 1058 1872 demonstravimus.

314 1895 485 1930 Alterum
513 1895 767 1931 documentum
794 1898 917 1932 exstat
952 1906 1036 1941 pag.
1068 1898 1147 1940 177,
1164 1900 1201 1928 24
1225 1905 1257 1938 s,
1291 1894 1322 1930 si
1349 1894 1451 1930 modo

214 1954 456 1989 demonstrari
482 1957 606 1998 potest
637 1965 697 1998 ea,
725 1965 819 1998 quae
851 1955 935 1990 inde
963 1965 985 1989 a
1010 1965 1094 1999 pag.
1126 1957 1237 1998 176,5
1266 1964 1378 1998 usque
1405 1954 1452 1988 ad

213 2023 297 2058 pag.
323 2015 400 2057 177,
416 2018 453 2046 23
481 2013 719 2056 disseruntur,
748 2013 802 2049 ita
821 2013 918 2049 inter
937 2024 976 2049 se
1005 2014 1209 2059 cohaerere,
1236 2015 1276 2049 ut
1295 2013 1452 2058 discerpi

214 2076 410 2116 nequeant.
453 2072 541 2117 Quis
561 2076 627 2111 est,
658 2073 741 2115 quin
765 2073 893 2108 videat
919 2073 1172 2117 parallelarum
1199 2072 1452 2116 definitionem,

214 2131 357 2175 qualem
386 2131 561 2167 Geminus
591 2142 676 2178 pag.
709 2136 786 2174 177,
805 2138 838 2166 21
865 2143 902 2168 ss
934 2132 1135 2179 proposuit,
1171 2143 1241 2168 non
1275 2132 1379 2168 modo
1406 2132 1452 2167 ab

214 2191 378 2227 Euclidis
411 2192 638 2237 cogitatione
675 2192 782 2237 plane
819 2191 1070 2237 abhorrere*)‚
1106 2204 1230 2229 verum
1263 2192 1374 2229 etiam
1407 2191 1454 2226 ad

314 2290 342 2328 *)
365 2289 408 2320 Cf.
431 2289 515 2319 Eucl.
539 2290 689 2321 Element.
711 2290 731 2321 1.
753 2291 769 2320 Ι
790 2291 848 2322 def.
871 2291 918 2322 35.
