<?xml version="1.0" encoding="UTF-8"?>
<!DOCTYPE html PUBLIC "-//W3C//DTD XHTML 1.0 Transitional//EN"
    "http://www.w3.org/TR/xhtml1/DTD/xhtml1-transitional.dtd">
<html xmlns="http://www.w3.org/1999/xhtml" xml:lang="en" lang="en">
 <head>
  <title>
</title>
<meta http-equiv="Content-Type" content="text/html;charset=utf-8" />
  <meta name='ocr-system' content='tesseract 3.04.00' />
  <meta name='ocr-capabilities' content='ocr_page ocr_carea ocr_par ocr_line ocrx_word'/>
</head>
<body>
  <div class='ocr_page' id='page_1' title='image "4771752_0049.png"; bbox 0 0 1721 2633; ppageno 0'>
   <div class='ocr_carea' id='block_1_1' title="bbox 797 93 1033 125">
    <p class='ocr_par' dir='ltr' id='par_1_1' title="bbox 797 93 1033 125">
     <span class='ocr_line' id='line_1_1' title="bbox 797 93 1033 125; baseline 0 -10"><span class='ocrx_word' id='word_1_1' title='bbox 797 93 1033 125; x_wconf 75' lang='lat'>-43-</span> 
     </span>
    </p>
   </div>
   <div class='ocr_carea' id='block_1_2' title="bbox 299 187 1534 1301">
    <p class='ocr_par' dir='ltr' id='par_1_2' title="bbox 300 187 1534 1125">
     <span class='ocr_line' id='line_1_2' title="bbox 302 187 1532 236; baseline -0.002 -10"><span class='ocrx_word' id='word_1_2' title='bbox 302 189 373 236; x_wconf 81' lang='lat' dir='ltr'>Qui</span> <span class='ocrx_word' id='word_1_3' title='bbox 404 199 475 233; x_wconf 90' lang='lat' dir='ltr'>qua</span> <span class='ocrx_word' id='word_1_4' title='bbox 505 189 647 226; x_wconf 89' lang='lat' dir='ltr'>ratione</span> <span class='ocrx_word' id='word_1_5' title='bbox 680 188 850 225; x_wconf 87' lang='lat' dir='ltr'>caelestis</span> <span class='ocrx_word' id='word_1_6' title='bbox 883 199 989 225; x_wconf 88' lang='lat' dir='ltr'>arcus</span> <span class='ocrx_word' id='word_1_7' title='bbox 1021 188 1178 234; x_wconf 89' lang='lat' dir='ltr'>speciem</span> <span class='ocrx_word' id='word_1_8' title='bbox 1210 187 1476 233; x_wconf 81' lang='lat' dir='ltr'>explanaverit,</span> <span class='ocrx_word' id='word_1_9' title='bbox 1509 198 1532 223; x_wconf 94' lang='lat' dir='ltr'>a</span> 
     </span>
     <span class='ocr_line' id='line_1_3' title="bbox 301 247 1530 296; baseline -0.002 -11"><span class='ocrx_word' id='word_1_10' title='bbox 301 248 451 285; x_wconf 89' lang='lat' dir='ltr'>Laertio</span> <span class='ocrx_word' id='word_1_11' title='bbox 465 248 630 295; x_wconf 85' lang='lat' dir='ltr'>Diogene</span> <span class='ocrx_word' id='word_1_12' title='bbox 650 248 772 293; x_wconf 74' lang='lat' dir='ltr'><strong>(LVII</strong></span> <span class='ocrx_word' id='word_1_13' title='bbox 787 259 816 284; x_wconf 92' lang='lat' dir='ltr'>c.</span> <span class='ocrx_word' id='word_1_14' title='bbox 834 251 877 283; x_wconf 87' lang='lat'>81</span> <span class='ocrx_word' id='word_1_15' title='bbox 893 259 926 293; x_wconf 89' lang='lat' dir='ltr'>p.</span> <span class='ocrx_word' id='word_1_16' title='bbox 945 248 1026 296; x_wconf 86' lang='lat'>152)</span> <span class='ocrx_word' id='word_1_17' title='bbox 1041 247 1097 285; x_wconf 91' lang='lat' dir='ltr'>his</span> <span class='ocrx_word' id='word_1_18' title='bbox 1112 248 1234 285; x_wconf 87' lang='lat' dir='ltr'>verbis</span> <span class='ocrx_word' id='word_1_19' title='bbox 1248 248 1442 285; x_wconf 83' lang='lat' dir='ltr'>memoriae</span> <span class='ocrx_word' id='word_1_20' title='bbox 1456 250 1530 284; x_wconf 90' lang='lat' dir='ltr'>tra-</span> 
     </span>
     <span class='ocr_line' id='line_1_4' title="bbox 301 307 1534 353; baseline -0.002 -9"><span class='ocrx_word' id='word_1_21' title='bbox 301 309 416 345; x_wconf 76' lang='lat' dir='ltr'>ditum</span> <span class='ocrx_word' id='word_1_22' title='bbox 431 311 504 345; x_wconf 77' lang='lat' dir='ltr'>est:</span> <span class='ocrx_word' id='word_1_23' title='bbox 524 309 591 353; x_wconf 84' lang='grc' dir='ltr'><strong><em>ἶριν</em></strong></span> <span class='ocrx_word' id='word_1_24' title='bbox 606 308 689 343; x_wconf 84' lang='grc' dir='ltr'><strong><em>εἶναι</em></strong></span> <span class='ocrx_word' id='word_1_25' title='bbox 705 338 711 345; x_wconf 98' lang='grc'><em>.</em></span> <span class='ocrx_word' id='word_1_26' title='bbox 729 337 735 343; x_wconf 93' lang='grc'><em>.</em></span> <span class='ocrx_word' id='word_1_27' title='bbox 751 337 758 344; x_wconf 92' lang='grc'><strong>.</strong></span> <span class='ocrx_word' id='word_1_28' title='bbox 785 307 1017 350; x_wconf 80' lang='grc' dir='ltr'><strong><em>Ποσειδώνιός</em></strong></span> <span class='ocrx_word' id='word_1_29' title='bbox 1032 317 1134 352; x_wconf 89' lang='grc' dir='ltr'><strong><em>φησιν</em></strong></span> <span class='ocrx_word' id='word_1_30' title='bbox 1151 308 1187 342; x_wconf 80' lang='grc' dir='ltr'>ἐν</span> <span class='ocrx_word' id='word_1_31' title='bbox 1202 313 1241 351; x_wconf 77' lang='grc' dir='ltr'>τῇ</span> <span class='ocrx_word' id='word_1_32' title='bbox 1257 309 1534 353; x_wconf 78' lang='grc' dir='ltr'><strong><em>μετεωρολογικῇ</em></strong></span> 
     </span>
     <span class='ocr_line' id='line_1_5' title="bbox 301 366 1530 413; baseline -0.001 -10"><span class='ocrx_word' id='word_1_33' title='bbox 301 368 474 411; x_wconf 82' lang='grc' dir='ltr'><em>ἔμφασιν</em></span> <span class='ocrx_word' id='word_1_34' title='bbox 505 368 623 413; x_wconf 79' lang='grc' dir='ltr'><strong><em>ἡλίου</em></strong></span> <span class='ocrx_word' id='word_1_35' title='bbox 653 368 864 412; x_wconf 81' lang='grc' dir='ltr'><em>τμήματος</em></span> <span class='ocrx_word' id='word_1_36' title='bbox 895 366 913 411; x_wconf 83' lang='grc' dir='ltr'><em>ἢ</em></span> <span class='ocrx_word' id='word_1_37' title='bbox 946 368 1085 412; x_wconf 83' lang='grc' dir='ltr'><em>σελήνης</em></span> <span class='ocrx_word' id='word_1_38' title='bbox 1116 368 1152 402; x_wconf 81' lang='grc' dir='ltr'>ἐν</span> <span class='ocrx_word' id='word_1_39' title='bbox 1183 369 1272 410; x_wconf 81' lang='grc' dir='ltr'><strong><em>νέφει</em></strong></span> <span class='ocrx_word' id='word_1_40' title='bbox 1303 369 1530 413; x_wconf 80' lang='grc' dir='ltr'><strong><em>ὁεδροσμένῳ,</em></strong></span> 
     </span>
     <span class='ocr_line' id='line_1_6' title="bbox 301 425 1530 474; baseline -0.001 -12"><span class='ocrx_word' id='word_1_41' title='bbox 301 432 407 474; x_wconf 76' lang='grc' dir='ltr'><strong><em>κοιλῷ</em></strong></span> <span class='ocrx_word' id='word_1_42' title='bbox 433 430 488 462; x_wconf 86' lang='grc' dir='ltr'><strong><em>καὶ</em></strong></span> <span class='ocrx_word' id='word_1_43' title='bbox 505 434 643 470; x_wconf 84' lang='grc' dir='ltr'><strong><em>συνεχεῖ</em></strong></span> <span class='ocrx_word' id='word_1_44' title='bbox 656 425 743 471; x_wconf 86' lang='grc' dir='ltr'><strong><em>πρὸς</em></strong></span> <span class='ocrx_word' id='word_1_45' title='bbox 759 430 961 469; x_wconf 90' lang='grc' dir='ltr'><strong><em>φαντασίαν,</em></strong></span> <span class='ocrx_word' id='word_1_46' title='bbox 993 425 1041 469; x_wconf 76' lang='grc' dir='ltr'>ὥς</span> <span class='ocrx_word' id='word_1_47' title='bbox 1067 428 1108 461; x_wconf 83' lang='grc' dir='ltr'>ἐν</span> <span class='ocrx_word' id='word_1_48' title='bbox 1133 426 1355 474; x_wconf 83' lang='grc' dir='ltr'><strong><em>κατόπτρῳ</em></strong></span> <span class='ocrx_word' id='word_1_49' title='bbox 1382 440 1530 470; x_wconf 89' lang='grc' dir='ltr'><strong><em>φαντα-</em></strong></span> 
     </span>
     <span class='ocr_line' id='line_1_7' title="bbox 302 485 1528 534; baseline 0 -12"><span class='ocrx_word' id='word_1_50' title='bbox 302 489 479 531; x_wconf 81' lang='grc' dir='ltr'><strong><em>ζομένην</em></strong></span> <span class='ocrx_word' id='word_1_51' title='bbox 491 486 577 521; x_wconf 86' lang='grc' dir='ltr'><strong><em>κατὰ</em></strong></span> <span class='ocrx_word' id='word_1_52' title='bbox 590 486 720 520; x_wconf 82' lang='grc' dir='ltr'><em>κύκλου</em></span> <span class='ocrx_word' id='word_1_53' title='bbox 733 487 962 529; x_wconf 78' lang='grc' dir='ltr'><strong><em>περιφέρειαν;</em></strong></span> <span class='ocrx_word' id='word_1_54' title='bbox 984 486 1029 522; x_wconf 78' lang='lat' dir='ltr'>cf.</span> <span class='ocrx_word' id='word_1_55' title='bbox 1042 485 1211 534; x_wconf 78' lang='lat' dir='ltr'>[Aristot.</span> <span class='ocrx_word' id='word_1_56' title='bbox 1227 486 1288 534; x_wconf 83' lang='lat' dir='ltr'>]de</span> <span class='ocrx_word' id='word_1_57' title='bbox 1302 486 1430 522; x_wconf 84' lang='lat' dir='ltr'>mundo</span> <span class='ocrx_word' id='word_1_58' title='bbox 1450 497 1528 531; x_wconf 82' lang='lat' dir='ltr'>cap.</span> 
     </span>
     <span class='ocr_line' id='line_1_8' title="bbox 300 545 1529 592; baseline -0.003 -9"><span class='ocrx_word' id='word_1_59' title='bbox 300 547 357 585; x_wconf 91' lang='lat' dir='ltr'>IV</span> <span class='ocrx_word' id='word_1_60' title='bbox 381 558 464 592; x_wconf 86' lang='lat' dir='ltr'>pag.</span> <span class='ocrx_word' id='word_1_61' title='bbox 494 549 597 582; x_wconf 75' lang='lat'>3952.</span> <span class='ocrx_word' id='word_1_62' title='bbox 617 549 660 581; x_wconf 84' lang='lat'>32</span> <span class='ocrx_word' id='word_1_63' title='bbox 681 556 743 590; x_wconf 84' lang='lat' dir='ltr'>ss.;</span> <span class='ocrx_word' id='word_1_64' title='bbox 772 545 854 582; x_wconf 87' lang='lat' dir='ltr'>Sen.</span> <span class='ocrx_word' id='word_1_65' title='bbox 888 548 1026 590; x_wconf 89' lang='lat' dir='ltr'>quaest.</span> <span class='ocrx_word' id='word_1_66' title='bbox 1050 548 1125 582; x_wconf 89' lang='lat' dir='ltr'>nat.</span> <span class='ocrx_word' id='word_1_67' title='bbox 1145 546 1167 582; x_wconf 94' lang='lat'>1.</span> <span class='ocrx_word' id='word_1_68' title='bbox 1185 546 1206 582; x_wconf 92' lang='lat' dir='ltr'>I</span> <span class='ocrx_word' id='word_1_69' title='bbox 1224 556 1302 591; x_wconf 90' lang='lat' dir='ltr'>cap.</span> <span class='ocrx_word' id='word_1_70' title='bbox 1326 548 1345 580; x_wconf 86' lang='lat'><strong>3</strong></span> <span class='ocrx_word' id='word_1_71' title='bbox 1365 556 1396 590; x_wconf 89' lang='lat' dir='ltr'>p.</span> <span class='ocrx_word' id='word_1_72' title='bbox 1420 550 1459 580; x_wconf 87' lang='lat'>11</span> <span class='ocrx_word' id='word_1_73' title='bbox 1481 556 1529 582; x_wconf 86' lang='lat' dir='ltr'>ss.</span> 
     </span>
     <span class='ocr_line' id='line_1_9' title="bbox 301 605 1529 652; baseline -0.002 -9"><span class='ocrx_word' id='word_1_74' title='bbox 301 606 484 644; x_wconf 76' lang='lat' dir='ltr'>Videlicet</span> <span class='ocrx_word' id='word_1_75' title='bbox 518 607 646 642; x_wconf 90' lang='lat' dir='ltr'>nubem</span> <span class='ocrx_word' id='word_1_76' title='bbox 682 605 795 641; x_wconf 83' lang='lat' dir='ltr'>imbre</span> <span class='ocrx_word' id='word_1_77' title='bbox 826 616 977 652; x_wconf 89' lang='lat' dir='ltr'>gravem</span> <span class='ocrx_word' id='word_1_78' title='bbox 1010 608 1195 650; x_wconf 78' lang='lat' dir='ltr'><strong>tamquam</strong></span> <span class='ocrx_word' id='word_1_79' title='bbox 1231 605 1413 650; x_wconf 91' lang='lat' dir='ltr'>speculum</span> <span class='ocrx_word' id='word_1_80' title='bbox 1448 616 1529 641; x_wconf 88' lang='lat' dir='ltr'>con-</span> 
     </span>
     <span class='ocr_line' id='line_1_10' title="bbox 302 664 1530 711; baseline -0.002 -9"><span class='ocrx_word' id='word_1_81' title='bbox 302 676 430 703; x_wconf 87' lang='lat' dir='ltr'>cavum</span> <span class='ocrx_word' id='word_1_82' title='bbox 448 665 601 711; x_wconf 85' lang='lat' dir='ltr'>efficere,</span> <span class='ocrx_word' id='word_1_83' title='bbox 628 676 696 710; x_wconf 91' lang='lat' dir='ltr'>quo</span> <span class='ocrx_word' id='word_1_84' title='bbox 722 664 817 701; x_wconf 91' lang='lat' dir='ltr'>radii</span> <span class='ocrx_word' id='word_1_85' title='bbox 843 665 926 701; x_wconf 90' lang='lat' dir='ltr'>inde</span> <span class='ocrx_word' id='word_1_86' title='bbox 953 676 975 701; x_wconf 90' lang='lat' dir='ltr'>a</span> <span class='ocrx_word' id='word_1_87' title='bbox 1002 668 1190 711; x_wconf 85' lang='lat' dir='ltr'>segmento</span> <span class='ocrx_word' id='word_1_88' title='bbox 1218 664 1305 701; x_wconf 89' lang='lat' dir='ltr'>solis</span> <span class='ocrx_word' id='word_1_89' title='bbox 1332 667 1397 701; x_wconf 91' lang='lat' dir='ltr'>aut</span> <span class='ocrx_word' id='word_1_90' title='bbox 1422 664 1530 701; x_wconf 90' lang='lat' dir='ltr'>lunae</span> 
     </span>
     <span class='ocr_line' id='line_1_11' title="bbox 302 723 1532 769; baseline -0.001 -9"><span class='ocrx_word' id='word_1_91' title='bbox 302 725 426 761; x_wconf 86' lang='lat' dir='ltr'>emissi</span> <span class='ocrx_word' id='word_1_92' title='bbox 452 724 500 760; x_wconf 90' lang='lat' dir='ltr'>ad</span> <span class='ocrx_word' id='word_1_93' title='bbox 517 724 638 760; x_wconf 88' lang='lat' dir='ltr'>oculos</span> <span class='ocrx_word' id='word_1_94' title='bbox 655 724 916 769; x_wconf 78' lang='lat' dir='ltr'>refringantur,</span> <span class='ocrx_word' id='word_1_95' title='bbox 948 724 1004 760; x_wconf 91' lang='lat' dir='ltr'>ita</span> <span class='ocrx_word' id='word_1_96' title='bbox 1029 727 1071 760; x_wconf 93' lang='lat' dir='ltr'>ut</span> <span class='ocrx_word' id='word_1_97' title='bbox 1089 734 1195 760; x_wconf 88' lang='lat' dir='ltr'>arcus</span> <span class='ocrx_word' id='word_1_98' title='bbox 1222 723 1310 759; x_wconf 89' lang='lat' dir='ltr'>nihil</span> <span class='ocrx_word' id='word_1_99' title='bbox 1338 723 1437 759; x_wconf 91' lang='lat' dir='ltr'>aliud</span> <span class='ocrx_word' id='word_1_100' title='bbox 1462 723 1532 759; x_wconf 89' lang='lat' dir='ltr'>nisi</span> 
     </span>
     <span class='ocr_line' id='line_1_12' title="bbox 300 782 1533 830; baseline -0.002 -10"><span class='ocrx_word' id='word_1_101' title='bbox 300 783 530 820; x_wconf 80' lang='lat' dir='ltr'>simulacrum</span> <span class='ocrx_word' id='word_1_102' title='bbox 567 783 732 827; x_wconf 77' lang='grc' dir='ltr'><strong><em>(ἔμφασις)</em></strong></span> <span class='ocrx_word' id='word_1_103' title='bbox 765 783 825 819; x_wconf 88' lang='lat' dir='ltr'>sit.</span> <span class='ocrx_word' id='word_1_104' title='bbox 879 783 984 830; x_wconf 78' lang='lat' dir='ltr'>Quid,</span> <span class='ocrx_word' id='word_1_105' title='bbox 1018 783 1113 827; x_wconf 91' lang='lat' dir='ltr'>quod</span> <span class='ocrx_word' id='word_1_106' title='bbox 1144 783 1294 819; x_wconf 90' lang='lat' dir='ltr'>eandem</span> <span class='ocrx_word' id='word_1_107' title='bbox 1328 782 1533 828; x_wconf 84' lang='lat' dir='ltr'>explicandi</span> 
     </span>
     <span class='ocr_line' id='line_1_13' title="bbox 300 841 1533 887; baseline -0.002 -9"><span class='ocrx_word' id='word_1_108' title='bbox 300 842 479 878; x_wconf 88' lang='lat' dir='ltr'>rationem</span> <span class='ocrx_word' id='word_1_109' title='bbox 496 842 534 878; x_wconf 92' lang='lat' dir='ltr'>in</span> <span class='ocrx_word' id='word_1_110' title='bbox 551 842 608 878; x_wconf 87' lang='lat' dir='ltr'>his</span> <span class='ocrx_word' id='word_1_111' title='bbox 627 841 773 879; x_wconf 82' lang='lat' dir='ltr'>Gemini</span> <span class='ocrx_word' id='word_1_112' title='bbox 790 842 910 879; x_wconf 87' lang='lat' dir='ltr'>verbis</span> <span class='ocrx_word' id='word_1_113' title='bbox 930 842 1230 887; x_wconf 85' lang='lat' dir='ltr'>deprehendimus</span> <span class='ocrx_word' id='word_1_114' title='bbox 1248 841 1533 886; x_wconf 79' lang='grc' dir='ltr'><strong><em>κατοπτρικὸν</em></strong></span> 
     </span>
     <span class='ocr_line' id='line_1_14' title="bbox 300 899 1533 946; baseline -0.002 -10"><span class='ocrx_word' id='word_1_115' title='bbox 300 903 428 945; x_wconf 82' lang='grc' dir='ltr'><strong><em>λέγεται</em></strong></span> <span class='ocrx_word' id='word_1_116' title='bbox 463 900 748 946; x_wconf 81' lang='grc' dir='ltr'><strong><em>ὁλοσχερέστερον</em></strong></span> <span class='ocrx_word' id='word_1_117' title='bbox 780 903 843 943; x_wconf 78' lang='grc' dir='ltr'>μὲν</span> <span class='ocrx_word' id='word_1_118' title='bbox 878 900 917 936; x_wconf 87' lang='grc' dir='ltr'>τὸ</span> <span class='ocrx_word' id='word_1_119' title='bbox 950 904 1041 945; x_wconf 85' lang='grc' dir='ltr'><strong><em>περὶ</em></strong></span> <span class='ocrx_word' id='word_1_120' title='bbox 1076 900 1147 942; x_wconf 86' lang='grc' dir='ltr'>τὰς</span> <span class='ocrx_word' id='word_1_121' title='bbox 1185 899 1429 942; x_wconf 80' lang='grc' dir='ltr'><strong><em>ἀνακλάσεις</em></strong></span> <span class='ocrx_word' id='word_1_122' title='bbox 1462 900 1533 942; x_wconf 84' lang='grc' dir='ltr'>τὰς</span> 
     </span>
     <span class='ocr_line' id='line_1_15' title="bbox 301 958 1533 1004; baseline -0.002 -9"><span class='ocrx_word' id='word_1_123' title='bbox 301 959 380 1001; x_wconf 76' lang='grc' dir='ltr'>ἀπὸ</span> <span class='ocrx_word' id='word_1_124' title='bbox 406 965 489 995; x_wconf 82' lang='grc' dir='ltr'>τῶν</span> <span class='ocrx_word' id='word_1_125' title='bbox 516 965 649 1002; x_wconf 80' lang='grc' dir='ltr'><strong><em>λείων,</em></strong></span> <span class='ocrx_word' id='word_1_126' title='bbox 676 961 723 995; x_wconf 77' lang='grc' dir='ltr'>ἔτι</span> <span class='ocrx_word' id='word_1_127' title='bbox 739 960 808 1004; x_wconf 80' lang='grc' dir='ltr'>μὴν</span> <span class='ocrx_word' id='word_1_128' title='bbox 833 964 887 995; x_wconf 85' lang='grc' dir='ltr'><strong><em>καὶ</em></strong></span> <span class='ocrx_word' id='word_1_129' title='bbox 906 963 1077 1004; x_wconf 83' lang='grc' dir='ltr'><strong><em>&lt;περὶ&gt;</em></strong></span> <span class='ocrx_word' id='word_1_130' title='bbox 1096 959 1144 995; x_wconf 88' lang='grc' dir='ltr'>τὰ</span> <span class='ocrx_word' id='word_1_131' title='bbox 1169 961 1210 995; x_wconf 79' lang='grc' dir='ltr'>ἐν</span> <span class='ocrx_word' id='word_1_132' title='bbox 1238 959 1325 1003; x_wconf 81' lang='grc' dir='ltr'><strong><em>ἀέρι</em></strong></span> <span class='ocrx_word' id='word_1_133' title='bbox 1351 961 1394 994; x_wconf 80' lang='grc' dir='ltr'>δι’</span> <span class='ocrx_word' id='word_1_134' title='bbox 1413 958 1533 1003; x_wconf 78' lang='grc' dir='ltr'><strong><em>ὑγρῶν</em></strong></span> 
     </span>
     <span class='ocr_line' id='line_1_16' title="bbox 300 1018 1530 1065; baseline -0.001 -11"><span class='ocrx_word' id='word_1_135' title='bbox 300 1019 576 1062; x_wconf 79' lang='grc' dir='ltr'><strong><em>ἐμφαινόμενα</em></strong></span> <span class='ocrx_word' id='word_1_136' title='bbox 599 1019 775 1064; x_wconf 86' lang='grc' dir='ltr'><strong><em>χρώματα,</em></strong></span> <span class='ocrx_word' id='word_1_137' title='bbox 801 1018 906 1054; x_wconf 81' lang='grc' dir='ltr'><strong><em>ὁποῖά</em></strong></span> <span class='ocrx_word' id='word_1_138' title='bbox 927 1020 995 1053; x_wconf 80' lang='grc' dir='ltr'><strong><em>ἐστι</em></strong></span> <span class='ocrx_word' id='word_1_139' title='bbox 1013 1018 1054 1053; x_wconf 84' lang='grc' dir='ltr'>τὰ</span> <span class='ocrx_word' id='word_1_140' title='bbox 1072 1018 1173 1053; x_wconf 83' lang='grc' dir='ltr'><strong><em>κατὰ</em></strong></span> <span class='ocrx_word' id='word_1_141' title='bbox 1192 1018 1262 1060; x_wconf 90' lang='grc' dir='ltr'>τὰς</span> <span class='ocrx_word' id='word_1_142' title='bbox 1278 1020 1419 1063; x_wconf 77' lang='grc' dir='ltr'><strong><em>ἴριδας.</em></strong></span> <span class='ocrx_word' id='word_1_143' title='bbox 1438 1019 1530 1065; x_wconf 80' lang='lat' dir='ltr'>(var.</span> 
     </span>
     <span class='ocr_line' id='line_1_17' title="bbox 300 1069 805 1125; baseline 0 -11"><span class='ocrx_word' id='word_1_144' title='bbox 300 1079 378 1115; x_wconf 93' lang='lat' dir='ltr'>coll.</span> <span class='ocrx_word' id='word_1_145' title='bbox 397 1069 486 1125; x_wconf 87' lang='lat' dir='ltr'>pag.</span> <span class='ocrx_word' id='word_1_146' title='bbox 514 1081 684 1124; x_wconf 81' lang='lat'>251,3-6</span> <span class='ocrx_word' id='word_1_147' title='bbox 714 1078 805 1125; x_wconf 90' lang='lat' dir='ltr'>Hu.)</span> 
     </span>
    </p>

    <p class='ocr_par' dir='ltr' id='par_1_3' title="bbox 299 1136 1532 1301">
     <span class='ocr_line' id='line_1_18' title="bbox 397 1136 1532 1182; baseline -0.001 -9"><span class='ocrx_word' id='word_1_148' title='bbox 397 1138 538 1182; x_wconf 77' lang='lat' dir='ltr'>Itaque·</span> <span class='ocrx_word' id='word_1_149' title='bbox 558 1137 690 1173; x_wconf 91' lang='lat' dir='ltr'>iterum</span> <span class='ocrx_word' id='word_1_150' title='bbox 716 1137 918 1182; x_wconf 81' lang='lat' dir='ltr'>iterumque</span> <span class='ocrx_word' id='word_1_151' title='bbox 944 1137 1048 1173; x_wconf 89' lang='lat' dir='ltr'>nobis</span> <span class='ocrx_word' id='word_1_152' title='bbox 1074 1137 1320 1181; x_wconf 82' lang='lat' dir='ltr'>persuasimus</span> <span class='ocrx_word' id='word_1_153' title='bbox 1340 1136 1532 1173; x_wconf 84' lang='lat' dir='ltr'>Geminum</span> 
     </span>
     <span class='ocr_line' id='line_1_19' title="bbox 299 1195 1531 1240; baseline -0.001 -8"><span class='ocrx_word' id='word_1_154' title='bbox 299 1196 412 1232; x_wconf 83' lang='lat' dir='ltr'>fuisse</span> <span class='ocrx_word' id='word_1_155' title='bbox 441 1196 590 1232; x_wconf 89' lang='lat' dir='ltr'>stoicum</span> <span class='ocrx_word' id='word_1_156' title='bbox 618 1199 656 1232; x_wconf 90' lang='lat' dir='ltr'>et</span> <span class='ocrx_word' id='word_1_157' title='bbox 681 1196 870 1232; x_wconf 90' lang='lat' dir='ltr'>Posidonii</span> <span class='ocrx_word' id='word_1_158' title='bbox 905 1196 1108 1232; x_wconf 81' lang='lat' dir='ltr'>doctrinam</span> <span class='ocrx_word' id='word_1_159' title='bbox 1134 1198 1245 1240; x_wconf 88' lang='lat' dir='ltr'>atque</span> <span class='ocrx_word' id='word_1_160' title='bbox 1274 1195 1531 1231; x_wconf 89' lang='lat' dir='ltr'>auctoritatem</span> 
     </span>
     <span class='ocr_line' id='line_1_20' title="bbox 300 1255 849 1301; baseline -0.002 -10"><span class='ocrx_word' id='word_1_161' title='bbox 300 1255 578 1301; x_wconf 86' lang='lat' dir='ltr'>diligentissime</span> <span class='ocrx_word' id='word_1_162' title='bbox 611 1255 849 1300; x_wconf 81' lang='lat' dir='ltr'>spectavisse.</span> 
     </span>
    </p>
   </div>
   <div class='ocr_carea' id='block_1_3' title="bbox 559 1362 1269 1409">
    <p class='ocr_par' dir='ltr' id='par_1_4' title="bbox 559 1362 1269 1409">
     <span class='ocr_line' id='line_1_21' title="bbox 559 1362 1269 1409; baseline 0 -11"><span class='ocrx_word' id='word_1_163' title='bbox 559 1364 579 1409; x_wconf 66' lang='grc' dir='ltr'>ξ</span> <span class='ocrx_word' id='word_1_164' title='bbox 608 1367 638 1399; x_wconf 88' lang='lat'>3.</span> <span class='ocrx_word' id='word_1_165' title='bbox 691 1364 754 1400; x_wconf 93' lang='lat' dir='ltr'>De</span> <span class='ocrx_word' id='word_1_166' title='bbox 786 1362 955 1400; x_wconf 82' lang='lat' dir='ltr'>Gemini</span> <span class='ocrx_word' id='word_1_167' title='bbox 988 1362 1269 1400; x_wconf 87' lang='lat' dir='ltr'>adversariis.</span> 
     </span>
    </p>
   </div>
   <div class='ocr_carea' id='block_1_4' title="bbox 301 1432 1535 2311">
    <p class='ocr_par' dir='ltr' id='par_1_5' title="bbox 301 1432 1535 2311">
     <span class='ocr_line' id='line_1_22' title="bbox 402 1432 1530 1479; baseline -0.001 -10"><span class='ocrx_word' id='word_1_168' title='bbox 402 1433 505 1479; x_wconf 78' lang='lat' dir='ltr'>Quae</span> <span class='ocrx_word' id='word_1_169' title='bbox 532 1444 611 1469; x_wconf 89' lang='lat' dir='ltr'>cum</span> <span class='ocrx_word' id='word_1_170' title='bbox 637 1433 691 1468; x_wconf 91' lang='lat' dir='ltr'>ita</span> <span class='ocrx_word' id='word_1_171' title='bbox 718 1432 808 1473; x_wconf 90' lang='lat' dir='ltr'>sint,</span> <span class='ocrx_word' id='word_1_172' title='bbox 845 1435 1043 1468; x_wconf 87' lang='lat' dir='ltr'>extremum</span> <span class='ocrx_word' id='word_1_173' title='bbox 1069 1434 1142 1477; x_wconf 83' lang='lat' dir='ltr'>est,</span> <span class='ocrx_word' id='word_1_174' title='bbox 1175 1435 1216 1468; x_wconf 91' lang='lat' dir='ltr'>ut</span> <span class='ocrx_word' id='word_1_175' title='bbox 1248 1443 1328 1468; x_wconf 91' lang='lat' dir='ltr'>eam</span> <span class='ocrx_word' id='word_1_176' title='bbox 1354 1443 1530 1468; x_wconf 90' lang='lat' dir='ltr'>commen-</span> 
     </span>
     <span class='ocr_line' id='line_1_23' title="bbox 302 1491 1530 1537; baseline -0.002 -8"><span class='ocrx_word' id='word_1_177' title='bbox 302 1492 390 1529; x_wconf 90' lang='lat' dir='ltr'>tarii</span> <span class='ocrx_word' id='word_1_178' title='bbox 424 1495 567 1537; x_wconf 89' lang='lat' dir='ltr'>partem</span> <span class='ocrx_word' id='word_1_179' title='bbox 602 1491 861 1533; x_wconf 84' lang='lat' dir='ltr'>examinemus,</span> <span class='ocrx_word' id='word_1_180' title='bbox 896 1491 958 1527; x_wconf 90' lang='lat' dir='ltr'>ubi</span> <span class='ocrx_word' id='word_1_181' title='bbox 991 1491 1143 1527; x_wconf 89' lang='lat' dir='ltr'>Proclus</span> <span class='ocrx_word' id='word_1_182' title='bbox 1178 1501 1299 1527; x_wconf 91' lang='lat' dir='ltr'>eorum</span> <span class='ocrx_word' id='word_1_183' title='bbox 1333 1491 1530 1537; x_wconf 89' lang='lat' dir='ltr'>opiniones,</span> 
     </span>
     <span class='ocr_line' id='line_1_24' title="bbox 304 1550 1532 1597; baseline -0.002 -9"><span class='ocrx_word' id='word_1_184' title='bbox 304 1552 366 1597; x_wconf 84' lang='lat' dir='ltr'>qui</span> <span class='ocrx_word' id='word_1_185' title='bbox 384 1552 428 1588; x_wconf 89' lang='lat' dir='ltr'>de</span> <span class='ocrx_word' id='word_1_186' title='bbox 445 1551 707 1588; x_wconf 89' lang='lat' dir='ltr'>mathematica</span> <span class='ocrx_word' id='word_1_187' title='bbox 725 1561 829 1595; x_wconf 91' lang='lat' dir='ltr'>quam</span> <span class='ocrx_word' id='word_1_188' title='bbox 847 1550 1037 1595; x_wconf 89' lang='lat' dir='ltr'>plurimum</span> <span class='ocrx_word' id='word_1_189' title='bbox 1056 1550 1309 1596; x_wconf 82' lang='lat' dir='ltr'>detrahebant,</span> <span class='ocrx_word' id='word_1_190' title='bbox 1336 1550 1532 1596; x_wconf 88' lang='lat' dir='ltr'>diligenter</span> 
     </span>
     <span class='ocr_line' id='line_1_25' title="bbox 302 1609 1531 1657; baseline -0.002 -9"><span class='ocrx_word' id='word_1_191' title='bbox 302 1612 502 1657; x_wconf 87' lang='lat' dir='ltr'>perlustrat</span> <span class='ocrx_word' id='word_1_192' title='bbox 537 1613 646 1655; x_wconf 91' lang='lat' dir='ltr'>atque</span> <span class='ocrx_word' id='word_1_193' title='bbox 680 1610 834 1655; x_wconf 87' lang='lat' dir='ltr'>refutat,</span> <span class='ocrx_word' id='word_1_194' title='bbox 871 1610 965 1646; x_wconf 87' lang='lat' dir='ltr'>sicut</span> <span class='ocrx_word' id='word_1_195' title='bbox 992 1609 1182 1647; x_wconf 84' lang='lat' dir='ltr'>Geminum</span> <span class='ocrx_word' id='word_1_196' title='bbox 1218 1610 1453 1655; x_wconf 86' lang='lat' dir='ltr'>geometriam</span> <span class='ocrx_word' id='word_1_197' title='bbox 1485 1611 1531 1646; x_wconf 90' lang='lat' dir='ltr'>ab</span> 
     </span>
     <span class='ocr_line' id='line_1_26' title="bbox 303 1669 1532 1715; baseline -0.001 -8"><span class='ocrx_word' id='word_1_198' title='bbox 303 1670 608 1707; x_wconf 87' lang='lat' dir='ltr'>obtrectatoribus</span> <span class='ocrx_word' id='word_1_199' title='bbox 633 1669 839 1706; x_wconf 87' lang='lat' dir='ltr'>defendisse</span> <span class='ocrx_word' id='word_1_200' title='bbox 862 1680 970 1714; x_wconf 90' lang='lat' dir='ltr'>supra</span> <span class='ocrx_word' id='word_1_201' title='bbox 994 1669 1091 1714; x_wconf 84' lang='lat' dir='ltr'>(vide</span> <span class='ocrx_word' id='word_1_202' title='bbox 1109 1680 1217 1715; x_wconf 88' lang='lat' dir='ltr'>pagg.</span> <span class='ocrx_word' id='word_1_203' title='bbox 1237 1672 1393 1713; x_wconf 71' lang='lat'>34-38)</span> <span class='ocrx_word' id='word_1_204' title='bbox 1413 1672 1532 1706; x_wconf 91' lang='lat' dir='ltr'>osten·</span> 
     </span>
     <span class='ocr_line' id='line_1_27' title="bbox 303 1723 1533 1777; baseline -0.003 -11"><span class='ocrx_word' id='word_1_205' title='bbox 303 1730 426 1766; x_wconf 90' lang='lat' dir='ltr'>dimus.</span> <span class='ocrx_word' id='word_1_206' title='bbox 480 1730 635 1777; x_wconf 80' lang='lat' dir='ltr'>Quinam</span> <span class='ocrx_word' id='word_1_207' title='bbox 665 1723 777 1775; x_wconf 87' lang='lat' dir='ltr'>igitur</span> <span class='ocrx_word' id='word_1_208' title='bbox 811 1732 911 1774; x_wconf 86' lang='lat' dir='ltr'>sunt,</span> <span class='ocrx_word' id='word_1_209' title='bbox 947 1729 1007 1773; x_wconf 91' lang='lat' dir='ltr'>qui</span> <span class='ocrx_word' id='word_1_210' title='bbox 1037 1739 1119 1774; x_wconf 91' lang='lat' dir='ltr'>pag.</span> <span class='ocrx_word' id='word_1_211' title='bbox 1148 1734 1204 1771; x_wconf 80' lang='lat'>25,</span> <span class='ocrx_word' id='word_1_212' title='bbox 1228 1733 1262 1762; x_wconf 87' lang='lat'>15</span> <span class='ocrx_word' id='word_1_213' title='bbox 1293 1729 1414 1765; x_wconf 82' lang='lat' dir='ltr'>verbis</span> <span class='ocrx_word' id='word_1_214' title='bbox 1446 1731 1533 1769; x_wconf 74' lang='grc' dir='ltr'><strong><em>τινὲς</em></strong></span> 
     </span>
     <span class='ocr_line' id='line_1_28' title="bbox 302 1787 1533 1835; baseline 0 -11"><span class='ocrx_word' id='word_1_215' title='bbox 302 1790 373 1824; x_wconf 78' lang='grc' dir='ltr'>τῶν</span> <span class='ocrx_word' id='word_1_216' title='bbox 408 1787 637 1832; x_wconf 76' lang='grc' dir='ltr'><strong><em>ἀντιλογικῶν</em></strong></span> <span class='ocrx_word' id='word_1_217' title='bbox 670 1788 918 1835; x_wconf 88' lang='lat' dir='ltr'>significentur</span> <span class='ocrx_word' id='word_1_218' title='bbox 953 1789 1063 1832; x_wconf 86' lang='lat' dir='ltr'>atque</span> <span class='ocrx_word' id='word_1_219' title='bbox 1098 1788 1205 1833; x_wconf 92' lang='lat' dir='ltr'>paulo</span> <span class='ocrx_word' id='word_1_220' title='bbox 1240 1787 1335 1824; x_wconf 86' lang='lat' dir='ltr'>infra</span> <span class='ocrx_word' id='word_1_221' title='bbox 1370 1787 1408 1823; x_wconf 92' lang='lat' dir='ltr'>in</span> <span class='ocrx_word' id='word_1_222' title='bbox 1443 1788 1533 1824; x_wconf 87' lang='lat' dir='ltr'>duas</span> 
     </span>
     <span class='ocr_line' id='line_1_29' title="bbox 302 1847 1534 1893; baseline -0.002 -8"><span class='ocrx_word' id='word_1_223' title='bbox 302 1849 439 1885; x_wconf 89' lang='lat' dir='ltr'>classes</span> <span class='ocrx_word' id='word_1_224' title='bbox 472 1847 761 1885; x_wconf 81' lang='lat' dir='ltr'>distribuantur?</span> <span class='ocrx_word' id='word_1_225' title='bbox 812 1848 909 1885; x_wconf 87' lang='lat' dir='ltr'>Sane</span> <span class='ocrx_word' id='word_1_226' title='bbox 941 1847 1084 1892; x_wconf 87' lang='lat' dir='ltr'>quidem</span> <span class='ocrx_word' id='word_1_227' title='bbox 1116 1847 1266 1893; x_wconf 86' lang='lat' dir='ltr'>sceptici</span> <span class='ocrx_word' id='word_1_228' title='bbox 1297 1850 1336 1883; x_wconf 89' lang='lat' dir='ltr'>et</span> <span class='ocrx_word' id='word_1_229' title='bbox 1361 1847 1534 1892; x_wconf 87' lang='lat' dir='ltr'>Epicurei</span> 
     </span>
     <span class='ocr_line' id='line_1_30' title="bbox 302 1906 1532 1952; baseline -0.002 -8"><span class='ocrx_word' id='word_1_230' title='bbox 302 1908 478 1952; x_wconf 86' lang='lat' dir='ltr'>dicuntur,</span> <span class='ocrx_word' id='word_1_231' title='bbox 506 1918 653 1952; x_wconf 89' lang='lat' dir='ltr'>quorum</span> <span class='ocrx_word' id='word_1_232' title='bbox 672 1907 782 1944; x_wconf 89' lang='lat' dir='ltr'>alteri</span> <span class='ocrx_word' id='word_1_233' title='bbox 801 1917 938 1943; x_wconf 91' lang='lat' dir='ltr'>omnem</span> <span class='ocrx_word' id='word_1_234' title='bbox 957 1906 1158 1943; x_wconf 83' lang='lat' dir='ltr'>doctrinam</span> <span class='ocrx_word' id='word_1_235' title='bbox 1175 1907 1399 1951; x_wconf 88' lang='lat' dir='ltr'>respuebant</span> <span class='ocrx_word' id='word_1_236' title='bbox 1416 1917 1532 1951; x_wconf 89' lang='lat' dir='ltr'>neque</span> 
     </span>
     <span class='ocr_line' id='line_1_31' title="bbox 302 1965 1532 2012; baseline -0.002 -9"><span class='ocrx_word' id='word_1_237' title='bbox 302 1966 496 2012; x_wconf 87' lang='lat' dir='ltr'>quidquam</span> <span class='ocrx_word' id='word_1_238' title='bbox 529 1966 768 2012; x_wconf 83' lang='lat' dir='ltr'>intellegibile</span> <span class='ocrx_word' id='word_1_239' title='bbox 803 1966 863 2001; x_wconf 89' lang='lat' dir='ltr'>vel</span> <span class='ocrx_word' id='word_1_240' title='bbox 897 1965 1068 2001; x_wconf 90' lang='lat' dir='ltr'>sensibile</span> <span class='ocrx_word' id='word_1_241' title='bbox 1103 1976 1167 2010; x_wconf 90' lang='lat' dir='ltr'>pro</span> <span class='ocrx_word' id='word_1_242' title='bbox 1202 1968 1303 2001; x_wconf 91' lang='lat' dir='ltr'>certo</span> <span class='ocrx_word' id='word_1_243' title='bbox 1337 1965 1532 2007; x_wconf 87' lang='lat' dir='ltr'>habebant,</span> 
     </span>
     <span class='ocr_line' id='line_1_32' title="bbox 302 2024 1533 2071; baseline -0.003 -8"><span class='ocrx_word' id='word_1_244' title='bbox 302 2026 402 2063; x_wconf 88' lang='lat' dir='ltr'>cuius</span> <span class='ocrx_word' id='word_1_245' title='bbox 437 2025 491 2062; x_wconf 89' lang='lat' dir='ltr'>rei</span> <span class='ocrx_word' id='word_1_246' title='bbox 530 2026 638 2063; x_wconf 88' lang='lat' dir='ltr'>testis</span> <span class='ocrx_word' id='word_1_247' title='bbox 670 2027 727 2062; x_wconf 90' lang='lat' dir='ltr'>est</span> <span class='ocrx_word' id='word_1_248' title='bbox 760 2024 933 2062; x_wconf 88' lang='lat' dir='ltr'>Laertius</span> <span class='ocrx_word' id='word_1_249' title='bbox 960 2025 1144 2071; x_wconf 88' lang='lat' dir='ltr'>Diogenes</span> <span class='ocrx_word' id='word_1_250' title='bbox 1175 2024 1198 2060; x_wconf 91' lang='grc'>1.</span> <span class='ocrx_word' id='word_1_251' title='bbox 1225 2025 1289 2061; x_wconf 89' lang='lat' dir='ltr'>IX</span> <span class='ocrx_word' id='word_1_252' title='bbox 1315 2035 1343 2061; x_wconf 89' lang='lat' dir='ltr'>c.</span> <span class='ocrx_word' id='word_1_253' title='bbox 1373 2028 1432 2060; x_wconf 83' lang='lat'>76:</span> <span class='ocrx_word' id='word_1_254' title='bbox 1464 2029 1533 2059; x_wconf 81' lang='grc' dir='ltr'>τῶν</span> 
     </span>
     <span class='ocr_line' id='line_1_33' title="bbox 301 2083 1534 2128; baseline -0.001 -9"><span class='ocrx_word' id='word_1_255' title='bbox 301 2087 363 2127; x_wconf 79' lang='grc' dir='ltr'>μὲν</span> <span class='ocrx_word' id='word_1_256' title='bbox 388 2084 600 2128; x_wconf 80' lang='grc' dir='ltr'><strong><em>πραγμάτων</em></strong></span> <span class='ocrx_word' id='word_1_257' title='bbox 627 2084 921 2126; x_wconf 79' lang='grc' dir='ltr'><strong><em>διαφωνούντων,</em></strong></span> <span class='ocrx_word' id='word_1_258' title='bbox 955 2085 1028 2117; x_wconf 79' lang='grc' dir='ltr'>τῶν</span> <span class='ocrx_word' id='word_1_259' title='bbox 1054 2086 1090 2117; x_wconf 77' lang='grc' dir='ltr'>δὲ</span> <span class='ocrx_word' id='word_1_260' title='bbox 1116 2083 1233 2126; x_wconf 81' lang='grc' dir='ltr'><strong><em>λόγων</em></strong></span> <span class='ocrx_word' id='word_1_261' title='bbox 1260 2084 1534 2118; x_wconf 67' lang='grc' dir='ltr'><strong><em>ἰσοσθενούντων</em></strong></span> 
     </span>
     <span class='ocr_line' id='line_1_34' title="bbox 303 2141 1533 2188; baseline -0.002 -9"><span class='ocrx_word' id='word_1_262' title='bbox 303 2144 456 2187; x_wconf 82' lang='grc' dir='ltr'><strong><em>ἀγνωσία</em></strong></span> <span class='ocrx_word' id='word_1_263' title='bbox 486 2147 547 2187; x_wconf 85' lang='grc' dir='ltr'>τῆς</span> <span class='ocrx_word' id='word_1_264' title='bbox 577 2141 736 2188; x_wconf 76' lang='grc' dir='ltr'><strong><em>ἀληθείας</em></strong></span> <span class='ocrx_word' id='word_1_265' title='bbox 762 2141 956 2178; x_wconf 78' lang='grc' dir='ltr'><strong><em>ἀκολουθεῖ.</em></strong></span> <span class='ocrx_word' id='word_1_266' title='bbox 1006 2142 1110 2178; x_wconf 91' lang='lat' dir='ltr'>Idem</span> <span class='ocrx_word' id='word_1_267' title='bbox 1134 2142 1211 2178; x_wconf 75' lang='lat' dir='ltr'>iere</span> <span class='ocrx_word' id='word_1_268' title='bbox 1239 2142 1413 2179; x_wconf 85' lang='lat' dir='ltr'>Geminus</span> <span class='ocrx_word' id='word_1_269' title='bbox 1440 2143 1533 2187; x_wconf 89' lang='lat' dir='ltr'>apud</span> 
     </span>
     <span class='ocr_line' id='line_1_35' title="bbox 302 2202 1535 2248; baseline -0.002 -8"><span class='ocrx_word' id='word_1_270' title='bbox 302 2204 469 2240; x_wconf 89' lang='lat' dir='ltr'>Proclum</span> <span class='ocrx_word' id='word_1_271' title='bbox 495 2213 603 2248; x_wconf 88' lang='lat' dir='ltr'>pagg.</span> <span class='ocrx_word' id='word_1_272' title='bbox 637 2207 715 2245; x_wconf 85' lang='lat'>199,</span> <span class='ocrx_word' id='word_1_273' title='bbox 736 2207 812 2236; x_wconf 80' lang='grc'>6-9</span> <span class='ocrx_word' id='word_1_274' title='bbox 839 2202 882 2237; x_wconf 89' lang='lat' dir='ltr'>de</span> <span class='ocrx_word' id='word_1_275' title='bbox 909 2202 1108 2247; x_wconf 84' lang='lat' dir='ltr'>Pyrrhonis</span> <span class='ocrx_word' id='word_1_276' title='bbox 1134 2205 1237 2238; x_wconf 89' lang='lat' dir='ltr'>secta</span> <span class='ocrx_word' id='word_1_277' title='bbox 1268 2202 1438 2243; x_wconf 86' lang='lat' dir='ltr'>tradidit,</span> <span class='ocrx_word' id='word_1_278' title='bbox 1474 2202 1535 2238; x_wconf 90' lang='lat' dir='ltr'>ubi</span> 
     </span>
     <span class='ocr_line' id='line_1_36' title="bbox 303 2259 1534 2311; baseline -0.003 -9"><span class='ocrx_word' id='word_1_279' title='bbox 303 2264 416 2302; x_wconf 81' lang='lat' dir='ltr'>verba</span> <span class='ocrx_word' id='word_1_280' title='bbox 443 2272 581 2308; x_wconf 90' lang='lat' dir='ltr'>quoque</span> <span class='ocrx_word' id='word_1_281' title='bbox 608 2266 679 2297; x_wconf 83' lang='grc' dir='ltr'>τῶν</span> <span class='ocrx_word' id='word_1_282' title='bbox 703 2263 766 2304; x_wconf 75' lang='grc' dir='ltr'>μὲν</span> <span class='ocrx_word' id='word_1_283' title='bbox 788 2260 979 2311; x_wconf 34' lang='grc' dir='ltr'><strong><em>ἐπιστήμην.</em></strong></span> <span class='ocrx_word' id='word_1_284' title='bbox 998 2259 1239 2307; x_wconf 80' lang='grc' dir='ltr'><strong><em>ἀναιρούντων</em></strong></span> <span class='ocrx_word' id='word_1_285' title='bbox 1258 2264 1352 2308; x_wconf 88' lang='lat' dir='ltr'>(pag.</span> <span class='ocrx_word' id='word_1_286' title='bbox 1373 2264 1452 2303; x_wconf 85' lang='lat'>199,</span> <span class='ocrx_word' id='word_1_287' title='bbox 1466 2266 1483 2296; x_wconf 85' lang='grc'>6</span> <span class='ocrx_word' id='word_1_288' title='bbox 1501 2260 1534 2309; x_wconf 86' lang='lat' dir='ltr'>s)</span> 
     </span>
    </p>
   </div>
  </div>
 </body>
</html>
