1721 2633
772 103 1013 136 -52-

276 202 397 236 utrum
423 199 461 236 in
492 208 707 244 unaquaque
734 199 927 245 disciplina
957 199 1297 237 mathematicorum
1324 199 1413 237 nihil
1437 198 1508 235 nisi

273 259 531 306 intellegibilia
544 262 798 296 tractarentur
815 271 862 296 an
881 259 1068 296 sensibilia
1087 270 1224 305 quoque
1239 260 1509 306 respicerentur

275 318 336 366 (cf.
355 330 440 365 pag.
471 322 528 360 38,
541 324 559 352 5
577 320 622 366 s),
649 318 843 365 diligenter
869 318 1061 355 diiudicari
1079 318 1155 355 eius
1180 318 1369 363 plurimum
1396 319 1506 355 inter-

274 381 365 425 erat,
391 380 432 415 ut
458 378 590 415 seriem
617 378 888 424 disciplinarum
914 381 1014 415 recte
1038 377 1285 415 constitueret.
1330 378 1508 426 Quoniam

274 439 369 475 enim
394 451 476 485 pag.
496 442 552 485 38,
563 444 660 473 9—10
687 439 959 475 arithmeticam
978 442 1086 484 atque
1111 440 1349 485 geometriam
1366 439 1404 474 in
1430 440 1507 476 sola

273 498 591 544 contemplatione,
617 498 654 534 in
673 498 906 535 sensibilibus
923 500 1033 535 rebus
1052 508 1117 534 sex
1139 497 1350 543 disciplinas
1368 497 1509 534 versari

273 558 606 604 demonstraverat,
647 569 731 604 pag.
766 562 822 601 39,
835 563 873 592 20
900 569 936 595 ss
977 557 1163 594 contendit
1197 568 1293 598 eum,
1329 557 1389 602 qui
1424 568 1507 603 geo-

272 617 423 654 daesiae
442 628 487 653 ac
504 617 701 663 logisticae
720 628 865 662 operam
883 621 1050 662 navaret,
1077 615 1121 651 οὐ
1145 620 1221 660 περὶ
1247 621 1385 660 νοητῶν
1411 615 1507 660 ἀριθ-

271 677 350 718 μῶν
372 674 392 720 ἢ
420 676 617 720 σχημάτων,
646 675 733 711 ἀλλὰ
758 679 835 721 περὶ
853 678 1032 720 αἰσθητῶν
1053 675 1286 721 quaestiones
1304 675 1506 713 instituere.

269 736 424 773 Possum
456 737 551 773 hanc
582 748 659 773 rem
694 737 902 773 accuratius
933 738 1181 783 pertractare,
1219 735 1283 772 sed
1313 736 1394 771 nolo
1426 746 1507 772 esse

269 796 412 842 longus.
450 796 565 833 Plura
592 796 624 833 si
641 796 722 841 quis
740 796 912 842 requirat,
939 796 1018 841 ipse
1043 795 1206 832 inveniet
1232 796 1326 831 hunc
1352 794 1505 831 indicem

270 859 434 893 secutus:
474 867 584 902 pagg.
621 860 676 902 39,
695 861 750 900 253
778 860 834 900 40,
856 862 884 897 2,
908 859 952 897 10,
976 860 1021 895 18,
1043 860 1096 899 24;
1135 859 1191 897 41,
1213 862 1241 895 4,
1264 859 1310 896 18,
1331 859 1378 895 21,
1414 865 1506 899 quae

270 916 375 961 copia
415 916 589 961 exemplis
629 926 648 951 e
683 915 796 953 variis
832 915 1106 951 collectionibus
1146 914 1357 960 colligendis
1395 913 1505 949 facile

269 975 398 1021 augeri
422 977 558 1021 potest.

369 1035 441 1072 Sed
467 1046 538 1071 non
565 1035 680 1071 solum
697 1034 870 1072 universa
897 1034 1064 1070 doctrina
1083 1044 1148 1070 sua
1174 1034 1316 1069 ratione
1335 1033 1505 1069 ordinata

269 1097 380 1139 atque
408 1093 610 1140 composita
646 1097 715 1133 est,
744 1094 809 1131 sed
842 1093 952 1130 etiam
980 1093 1018 1129 in
1053 1093 1220 1139 partibus
1247 1092 1332 1129 ordo
1360 1092 1505 1138 quidam

268 1153 457 1202 observari
489 1155 622 1198 potest.
680 1153 788 1189 Haec
820 1156 878 1189 est
910 1163 1034 1197 causa,
1067 1163 1131 1188 cur
1165 1151 1338 1189 Geminus
1369 1151 1505 1197 passim

269 1212 329 1257 (cf.
362 1223 391 1249 e.
422 1223 455 1258 g.
490 1223 600 1259 pagg.
641 1214 697 1258 57,
717 1217 755 1246 22
787 1222 840 1254 ss3
888 1215 967 1257 179,
989 1217 1025 1245 12
1057 1211 1110 1258 ss)
1149 1212 1327 1257 principia
1361 1212 1407 1248 ab
1443 1211 1505 1257 eis,

268 1282 362 1316 quae
390 1282 409 1307 e
427 1271 615 1316 principiis
643 1271 862 1316 efficiuntur,
890 1282 999 1316 quam
1023 1271 1300 1316 diligentissime
1321 1270 1503 1315 distinxit3

267 1341 351 1366 nam
370 1341 415 1366 ea
432 1330 515 1375 ipsa
540 1330 683 1366 ratione
703 1330 864 1366 ordinem
891 1340 1101 1375 comparere
1126 1340 1236 1375 pagg.
1258 1332 1314 1375 26,
1329 1331 1474 1374 24-27,
1489 1334 1503 1361 1

268 1389 451 1435 expressis
469 1389 590 1427 verbis
610 1390 851 1427 asseveravit.
896 1389 1004 1425 Haec
1024 1391 1081 1425 est
1099 1400 1220 1435 causa,
1247 1400 1310 1425 cur
1328 1388 1504 1426 adversus

266 1450 451 1486 Zenonem
489 1450 528 1486 in
563 1449 783 1485 contrariam
822 1452 967 1494 partem
1008 1448 1236 1490 disseruerit,
1279 1448 1409 1493 quippe
1445 1447 1505 1492 qui

266 1512 492 1556 geometram
509 1520 581 1545 non
598 1508 742 1545 ratione
770 1519 813 1545 ac
832 1508 892 1545 via
910 1509 1116 1554 procedere,
1145 1508 1209 1544 sed
1235 1510 1373 1544 temere
1399 1509 1505 1543 extra

266 1569 427 1605 ordinem
459 1579 570 1614 saepe
597 1569 644 1604 ad
669 1568 937 1613 propositiones
963 1568 1186 1613 posteriores
1213 1577 1349 1611 easque
1376 1566 1503 1602 diffici-

264 1627 376 1664 liores
409 1629 455 1664 ab
487 1627 593 1664 initio
626 1627 704 1664 sine
735 1628 811 1664 ulla
848 1627 1159 1664 demonstratione
1193 1625 1389 1672 confugere
1421 1636 1502 1661 con-

265 1686 458 1723 tendisset.

364 1747 442 1782 Res
461 1757 612 1791 quoque,
638 1746 677 1781 in
703 1746 832 1790 quibus
856 1749 1062 1791 geometres
1089 1747 1271 1789 versatur,
1300 1754 1322 1780 a
1349 1744 1503 1781 Gemino

265 1805 303 1842 in
333 1809 474 1842 certam
509 1805 690 1850 quandam
722 1804 854 1841 seriem
888 1804 1111 1850 rediguntur.
1169 1803 1330 1839 Primum
1361 1803 1502 1848 quidem

267 1869 324 1902 est
356 1868 530 1910 punctum
561 1865 696 1901 1111113111
722 1867 865 1910 partem
893 1864 1081 1901 continens
1109 1862 1247 1908 (ἀμερὴς
1271 1874 1352 1909 pag.
1372 1866 1502 1909 57,14),

266 1924 359 1960 unde
399 1934 550 1961 exorsus
589 1924 872 1961 mathematicus
911 1934 1025 1969 usque
1064 1923 1109 1959 ad
1149 1922 1274 1959 varias
1310 1922 1504 1959 solidorum

266 1983 401 2020 formas
444 1984 630 2030 gradatim
672 1984 906 2030 progreditur
949 1983 1010 2030 (cf.
1047 1993 1130 2028 pag.
1169 1983 1375 2029 57,14—16);
1418 1992 1504 2017 nam

265 2045 350 2088 post
367 2053 475 2079 unum
504 2042 621 2091 (μετὰ
646 2041 688 2077 τὸ
715 2042 766 2090 ἓν)
793 2043 814 2078 i.
835 2054 864 2079 e.
892 2047 976 2087 post
1002 2044 1174 2086 punctum
1200 2045 1278 2077 tres
1304 2039 1504 2087 generandi

264 2101 362 2139 modi
393 2100 622 2149 (ὑποστάσεις)
652 2102 855 2138 collocandi
881 2104 967 2138 sunt
1002 2100 1041 2135 τὸ
1068 2102 1182 2145 πέρας,
1215 2099 1257 2135 τὸ
1284 2099 1435 2145 ἄπειρον,
1462 2097 1503 2133 τὸ

263 2161 388 2204 μικτόν
421 2162 517 2208 (pag.
541 2166 653 2207 104‚8
673 2164 734 2206 ss),
773 2172 792 2197 e
819 2161 949 2206 quibus
975 2160 1161 2196 terminati
1187 2159 1242 2205 (τὸ
1267 2158 1387 2205 πέρας)
1414 2159 1503 2193 ima-

266 2221 387 2268 ginem
417 2220 538 2257 instar
571 2220 728 2258 omnium
758 2221 925 2266 circulus,
960 2219 1092 2256 infiniti
1124 2218 1179 2265 (τὸ
1209 2217 1368 2265 ἄπειρον)
1399 2221 1503 2253 recta

266 2280 449 2327 exprimit,
468 2281 637 2326 quoniam
649 2282 721 2318 hae
739 2281 831 2317 duae
848 2281 967 2317 lineae
982 2280 1163 2326 simplices
1180 2281 1291 2325 atque
1308 2277 1504 2325 primariae
