1721 2633
724 124 962 157 ,73-

226 221 481 267 comprobavit.
508 222 630 269 Quare
644 233 786 259 cursum
797 222 906 259 lunae
921 221 1110 259 admodum
1123 220 1321 266 simplicem
1341 222 1454 265 atque

223 281 334 326 plane
366 281 592 326 perspicuum
617 282 694 318 illic
729 282 853 327 inepte
888 284 998 326 atque
1031 290 1146 326 prave
1181 280 1298 316 animo
1330 279 1455 325 effingi

224 340 341 377 minus
369 340 496 378 mirum
523 344 592 384 est,
620 341 690 378 etsi
720 342 811 378 haec
835 351 894 377 res
920 351 984 377 suo
1009 340 1088 377 loco
1107 341 1202 386 (pag.
1230 342 1275 374 26
1300 340 1391 383 Pet„
1419 350 1451 385 p.

227 403 306 446 163,
317 406 355 434 43
373 400 409 437 A
433 400 486 448 54)
503 403 605 437 recte
623 403 732 445 atque
750 401 904 437 dilucide
919 400 1144 445 explanatur.
1169 399 1304 446 Quidni
1320 399 1453 435 falsam

223 459 569 496 demonstrationem
600 458 699 507 (pag.
733 462 777 494 23
810 459 907 506 Pet.)
939 459 1199 505 posterioribus
1230 458 1452 503 temporibus

222 519 357 557 ceteris
375 518 654 566 argumentandi
670 519 870 556 rationibus
887 519 1062 556 insertam
1080 529 1160 555 esse
1182 517 1451 554 existimemus?

224 578 334 615 Certe
360 579 428 615 hoc
452 579 530 614 loco
556 578 627 614 niti
652 578 795 615 minime
820 578 918 615 licet.
962 579 1034 616 Sed
1060 579 1154 614 hanc
1180 588 1256 614 rem
1280 588 1352 613 non
1378 589 1451 613 am-

222 638 317 684 plius
348 648 616 684 persequamur,
648 638 741 683 quod
769 640 906 675 certum
933 638 977 675 de
1002 638 1057 674 his
1084 638 1192 674 rebus
1218 637 1388 673 iudicium
1414 637 1451 673 in

222 698 258 733 id
275 700 417 743 tempus
436 697 687 742 proferendum
715 701 781 744 est,
809 710 888 734 cum
906 698 1063 735 editione
1084 698 1221 743 pridem
1243 697 1452 733 desiderata

220 757 325 793 firma
350 756 587 794 fundamenta
614 756 827 802 disquirenti
857 757 979 803 posita
1011 760 1127 793 erunt.
1177 757 1284 793 Nunc
1310 757 1451 801 quidem

222 816 386 863 profecto
414 818 630 863 argumenta
657 828 679 853 a
704 817 857 855 Manitio
884 816 1071 863 proposita
1095 816 1194 853 haud
1218 818 1296 852 tam
1322 816 1452 862 gravia

222 878 317 921 sunt,
348 878 390 912 ut
416 875 586 913 Cantoris
614 877 798 913 sententia
822 877 1014 922 refutetur,
1045 877 1108 921 qui
1133 879 1263 912 contra
1288 876 1389 911 illum
1414 876 1450 911 in

223 935 415 971 annalibus
441 935 710 972 mathematicis
737 936 965 981 physicisque
991 938 1017 971 t.
1044 939 1089 971 36
1115 946 1198 981 pag.
1226 938 1271 969 96
1296 945 1314 971 s
1341 937 1451 979 atque

221 994 381 1040 proxime
406 994 444 1030 in
466 994 683 1031 lectionibus
711 995 784 1031 suis
810 995 939 1032 iterum
967 995 1076 1032 editis
1102 1006 1185 1040 pag.
1214 998 1281 1029 381
1303 1005 1320 1030 s
1343 1005 1450 1030 unum

221 1055 334 1091 fuisse
361 1054 574 1100 scriptorem
593 1054 857 1091 declaraverat.
898 1055 970 1091 Sed
995 1057 1037 1091 ut
1062 1054 1240 1090 Manitius
1267 1054 1450 1099 complura

221 1115 344 1150 errata
377 1113 529 1159 auctori,
560 1124 631 1150 non
662 1114 915 1159 interpolatori
945 1113 1142 1150 librariove
1175 1113 1302 1159 culpae
1329 1113 1450 1149 danda

221 1184 302 1210 esse
327 1176 428 1210 recte
460 1173 681 1219 exposuerit:
717 1176 840 1210 tamen
870 1184 940 1210 non
972 1176 1038 1219 est,
1070 1173 1164 1218 quod
1196 1173 1302 1209 huius
1333 1173 1450 1209 libelli

221 1234 405 1269 auctorem
437 1243 518 1269 esse
545 1233 737 1270 Geminum
763 1244 944 1279 negemus,
978 1233 1147 1278 quoniam
1172 1233 1244 1278 ille,
1270 1235 1312 1268 ut
1338 1243 1448 1277 supra

220 1292 557 1338 demonstravimus,
595 1303 666 1329 non
703 1295 779 1329 tam
814 1292 1063 1329 mathematici
1100 1303 1207 1337 quam
1245 1292 1449 1337 philosophi

219 1351 362 1387 ratione
380 1351 502 1387 studia
528 1362 593 1388 sua
611 1351 781 1388 exercuit.
823 1351 946 1388 Nihilo
965 1351 1082 1387 secius
1101 1362 1274 1387 summam
1291 1351 1446 1393 laudem,

219 1420 291 1454 qua
321 1420 400 1445 cum
432 1421 554 1446 omnes
585 1410 654 1446 viri
687 1410 823 1459 docti*)
854 1413 931 1446 tum
962 1409 1138 1445 Manitius
1165 1410 1188 1445 l.
1212 1410 1236 1445 1.
1255 1421 1362 1456 pagg.
1389 1414 1446 1454 96,

222 1472 300 1515 100,
330 1472 408 1515 104,
427 1471 612 1506 auctorem
630 1479 710 1506 esse
728 1469 874 1515 dignum
892 1469 1206 1510 existimaverunt,
1238 1479 1306 1515 ego
1325 1469 1447 1506 detra-

217 1529 305 1565 here
330 1529 422 1575 nolo,
450 1530 543 1574 quod
561 1529 702 1574 quidem
728 1529 775 1566 ad
792 1529 969 1565 materiae
987 1529 1126 1574 copiam
1153 1531 1264 1573 atque
1290 1529 1338 1566 ad
1364 1530 1446 1566 sim-

217 1587 346 1633 plicem
371 1589 669 1635 perspicuamque
695 1588 895 1625 disserendi
919 1588 1098 1625 rationem
1125 1588 1273 1626 attinet.

313 1649 413 1695 Ergo
440 1649 488 1685 ad
513 1660 592 1685 eam
618 1649 839 1685 sententiam
860 1648 1060 1695 redeamus,
1087 1660 1181 1694 quae
1201 1649 1341 1685 omnino
1368 1649 1446 1686 veri

216 1707 397 1743 simillima
423 1711 495 1743 est:
523 1708 664 1754 scilicet
692 1708 865 1743 credimus
891 1708 986 1743 hunc
1010 1708 1150 1753 librum,
1178 1708 1278 1744 cuius
1306 1709 1350 1744 de
1376 1708 1444 1744 ori-

216 1765 299 1811 gine
326 1768 438 1802 antea
463 1776 585 1802 omnes
612 1765 899 1806 consentiebant,
928 1776 950 1801 a
977 1764 1131 1802 Gemino
1158 1766 1288 1811 stoico,
1323 1766 1383 1810 qui
1408 1766 1446 1801 in

215 1825 498 1862 mathematicae
524 1827 563 1861 et
588 1824 835 1870 philosophiae
854 1823 983 1861 studiis
1010 1827 1183 1862 versatus
1210 1827 1276 1871 est,
1303 1835 1443 1871 compo-

214 1884 324 1920 situm
354 1895 445 1920 esse.

313 1942 386 1980 Sed
410 1953 455 1979 ne
480 1942 625 1979 Manitii
650 1942 906 1979 auctoritatem
933 1945 1078 1980 tantum
1103 1943 1306 1991 infringam,
1333 1944 1445 1981 etiam

215 2002 384 2040 Oantoris
402 2003 632 2049 sententiam,
659 2003 716 2039 cui
742 2003 990 2053 adstipulatus
1016 2014 1104 2050 sum,
1131 2004 1310 2041 nonnullis
1338 2016 1442 2051 argu-

214 2062 344 2099 mentis
376 2062 608 2109 confirmabo,
648 2073 861 2108 quamquam
888 2063 1017 2108 scripti
1043 2064 1276 2099 astronomici
1301 2064 1442 2110 species

216 2125 326 2168 atque
355 2121 516 2158 condicio
543 2123 589 2159 ab
616 2132 722 2168 opere
739 2122 998 2160 mathematico
1017 2123 1166 2173 multum
1193 2123 1323 2161 differt.
1362 2123 1442 2171 Qua

312 2261 340 2299 *)
362 2259 503 2290 Priorum
533 2259 644 2290 iudicia
669 2259 795 2298 collegit
820 2260 859 2291 M.
887 2260 918 2292 C.
940 2260 975 2292 P.
998 2260 1142 2299 Schmidt,
1164 2261 1242 2293 Phil.
1264 2264 1287 2293 t.
1307 2263 1347 2292 42
1372 2271 1440 2302 pag.

214 2310 253 2340 84
274 2310 342 2342 adu.
365 2309 407 2341 Cf.
429 2309 499 2341 ibid.
520 2312 543 2341 t.
565 2310 603 2340 45
623 2318 693 2349 pag.
715 2311 772 2341 305
794 2319 817 2342 s.
