1721 2633
723 134 964 165 —59—

231 233 414 268 auctorem
458 240 558 267 suum
600 231 725 267 ducem
767 231 916 267 secutus
958 232 1026 266 est.
1105 228 1161 266 Of.
1205 239 1233 265 e.
1277 240 1309 276 g.
1350 237 1459 275 pagg.

231 293 288 336 60,
312 294 328 323 1
357 300 420 335 ss.;
451 294 528 333 184,
545 295 580 324 13
604 301 649 326 ss.

328 349 418 386 Cum
450 352 573 386 autem
603 349 778 387 Geminus
809 350 1002 394 praeterea
1027 358 1093 385 sex
1119 346 1337 392 disciplinas,
1364 357 1457 391 quae

231 407 277 444 ad
304 408 489 444 sensibilia
514 408 710 454 pertinent,
736 408 774 443 in
798 407 1069 444 mathematicis
1086 406 1253 452 partibus
1271 406 1457 441 habendas

230 478 311 504 esse
337 468 413 513 ipse
438 479 519 514 pag.
548 472 603 512 38,
620 473 655 501 lo
686 467 958 512 affirmavisset,
989 467 1118 503 iterum
1148 466 1209 503 vel
1235 476 1281 501 ex
1305 465 1457 510 inscrip-

229 527 365 563 tionum
404 537 512 563 sensu
546 526 728 571 colligitur
756 536 802 561 ne
837 536 900 561 eas
935 526 1076 570 quidem
1107 525 1299 571 neglectas
1333 524 1455 562 fuisse.

229 586 359 631 Neque
372 596 458 623 vero
478 586 608 622 desunt
622 585 751 621 cumin
764 585 1020 622 commentario
1034 585 1157 633 (pagg.
1175 588 1231 631 39,
1241 591 1330 618 20—-
1340 589 1396 632 42,
1415 587 1457 630 6)

230 649 306 682 tum
335 646 371 683 in
402 645 516 682 variis
551 644 822 681 collectionibus
852 644 1074 691 fragmenta,
1106 645 1234 689 quibus
1268 646 1363 681 idem
1390 646 1456 681 ful-

229 705 354 750 ciatur,
381 704 453 741 etsi
477 704 580 749 plura
606 706 715 748 atque
742 714 785 739 ea
812 703 969 739 certiora
995 703 1176 748 expiscari
1202 714 1272 739 nou
1299 704 1396 740 licet.

328 763 402 800 Sed
438 765 479 798 ut
516 762 622 799 huius
661 762 972 798 commentationis
1010 772 1184 798 summam
1224 764 1455 808 complectar,

231 822 404 859 Geminus
430 832 536 857 unum
554 820 754 866 composuit
771 832 858 866 opus
875 821 1180 862 mathematicum,
1203 821 1241 856 in
1258 832 1326 866 quo
1344 822 1457 858 totius

229 880 511 918 mathematicae
538 880 722 917 doctrinae
741 880 897 926 speciem
916 882 1025 925 atque
1043 879 1193 916 formam
1213 880 1456 918 adumbravit.

228 940 325 976 Illud
348 939 461 985 igitur
486 944 567 975 erat
593 939 826 975 scientiarum
852 939 1190 975 mathematicarum
1218 950 1345 975 cursus
1364 951 1456 975 com-

227 999 349 1044 pletus
380 998 472 1044 sive,
508 1001 549 1035 ut
579 1001 703 1035 nostro
734 1009 896 1035 sermone
928 1000 1024 1044 utar,
1061 998 1163 1044 „eine
1195 998 1457 1044 systematisch

229 1058 423 1104 angelegte
462 1058 752 1103 Encyclopaedie
795 1058 859 1094 der
896 1060 1084 1104 gesamten
1127 1058 1456 1095 mathematischen

228 1116 534 1153 Wissenschaft.“

459 1224 479 1272 ξ
507 1227 539 1260 3.
574 1225 638 1260 De
664 1225 853 1260 Heronis
879 1225 1222 1260 definitionibus.

325 1293 502 1341 Quoniam
528 1293 777 1339 quaestionem
809 1293 852 1329 de
879 1292 1025 1330 Gemini
1051 1293 1160 1330 stoici
1187 1293 1318 1330 studiis
1346 1297 1455 1339 atque

227 1355 319 1390 libro
345 1354 555 1389 institutam
582 1353 812 1398 absolvimus
839 1353 931 1389 satis
957 1353 1082 1389 multis
1110 1353 1326 1389 adiumentis
1354 1364 1455 1389 exor-

230 1412 310 1448 nati
328 1422 459 1453 sumus,
487 1414 528 1447 ut
546 1414 672 1447 cetera
689 1411 787 1447 illius
804 1411 1013 1456 fragmenta
1030 1411 1310 1456 investigantes,
1338 1413 1457 1456 quoad

228 1472 305 1508 eius
323 1471 444 1508 iacere
462 1481 661 1516 possumus,
681 1481 769 1516 opus
786 1470 1084 1507 mathematicum
1101 1482 1318 1516 recuperare
1338 1472 1455 1508 stude-

233 1541 345 1566 amus.
384 1531 517 1574 Itaque
531 1540 653 1565 omnes
670 1529 750 1574 loci,
769 1529 828 1573 qui
843 1530 890 1564 ad
906 1530 995 1565 illud
1009 1530 1183 1574 scriptum
1200 1531 1360 1576 relegari
1376 1542 1455 1575 pos-

228 1592 324 1632 sunt,
352 1589 390 1626 in
413 1599 482 1626 uno
506 1590 699 1634 conspectu
724 1587 900 1625 collocavi
922 1590 1032 1633 atque
1059 1599 1103 1625 ea
1125 1588 1270 1625 ratione
1288 1589 1456 1635 disposui,

230 1659 335 1694 quam
356 1660 378 1685 a
396 1648 510 1685 stoico
536 1648 598 1683 illo
622 1648 854 1684 observatam
872 1658 952 1683 esse
978 1647 1057 1684 veri
1075 1648 1192 1684 simile
1211 1652 1278 1684 est.
1322 1648 1455 1694 Quam-

230 1719 336 1753 quam
363 1710 486 1744 autem
511 1707 609 1743 haud
633 1706 754 1743 nescio
776 1707 890 1743 multa
915 1706 952 1742 in
971 1706 1024 1743 eis
1049 1707 1149 1752 locis,
1178 1718 1265 1752 quos
1283 1707 1393 1743 indici
1418 1708 1455 1744 in

225 1767 295 1803 fine
309 1767 414 1803 huius
428 1766 544 1802 libelli
561 1766 746 1811 proposito
760 1766 907 1811 inserui,
930 1766 1048 1802 causis
1064 1767 1328 1811 comprobanda
1347 1778 1455 1812 argu-

225 1826 429 1871 mentisque
456 1825 700 1862 confirmanda
726 1835 816 1866 esse,
849 1827 973 1861 tamen
990 1836 1035 1861 ne
1063 1826 1205 1862 modum
1223 1826 1306 1861 huic
1324 1826 1455 1862 disser-

227 1885 362 1921 tationi
389 1885 627 1920 constitutum
650 1887 844 1928 transeam,
870 1884 929 1919 hic
952 1884 1161 1928 subsistam,
1189 1895 1268 1920 cum
1290 1895 1455 1929 praeser-

224 1943 289 1979 tim
320 1943 490 1988 pleraque
522 1942 569 1978 ad
600 1941 754 1987 exempli
784 1942 958 1988 regulam,
994 1943 1088 1987 quod
1117 1942 1154 1978 in
1185 1943 1299 1987 primo
1333 1943 1455 1989 capite

225 2002 406 2049 praestiti,
438 2005 516 2038 tam
545 2001 655 2038 facile
681 2001 871 2046 explanari
898 2001 1052 2047 possint,
1080 2004 1121 2037 ut
1148 2002 1267 2038 omnia
1289 2002 1369 2039 fuse
1396 2013 1453 2039 ex-

226 2061 328 2107 sequi
352 2072 580 2113 nequaquam
607 2063 783 2107 oporteat.
1284 2051 1289 2055 ⁵

326 2121 399 2158 Sed
413 2121 536 2157 Procli
561 2120 817 2157 commentario
843 2119 1026 2165 variisque
1045 2120 1319 2157 collectionibus
1337 2120 1453 2157 missis

227 2181 340 2217 etiam
350 2179 509 2216 Heronis
525 2179 752 2216 definitiones
766 2189 858 2223 quae
872 2178 1038 2215 feruntur
1052 2179 1110 2223 (cf.
1121 2190 1228 2225 pagg.
1240 2180 1427 2215 7-38Hu
1441 2182 1453 2223 )

228 2240 399 2285 Tannery
433 2248 478 2275 ex
512 2238 634 2275 eodem
669 2238 759 2274 libro
793 2237 940 2273 fluxisse
965 2238 988 2273 l.
1017 2237 1039 2273 1.
1073 2248 1155 2283 pag.
1192 2240 1258 2272 179
1287 2248 1323 2274 ss
1353 2238 1455 2274 brew‘

227 2298 399 2335 ostendit.
450 2297 572 2345 Quare
597 2299 779 2343 postremo
806 2297 851 2333 de
876 2296 933 2333 his
958 2307 1076 2343 pauca
1102 2297 1333 2343 explananda
1359 2300 1454 2336 sunt.
