1721 2633
743 134 984 166 -39—

253 241 344 276 quae
384 231 606 268 antecedunt
647 234 710 268 aut
744 232 1024 276 subsequuntur,
1063 230 1225 276 profecto
1265 229 1480 269 recentioris

250 289 461 326 academiae
501 291 624 328 stilum
665 292 828 337 sapiunt,
866 291 923 327 ita
957 294 999 327 ut
1038 290 1082 327 de
1117 292 1183 327 hoc
1223 291 1366 336 quidem
1400 291 1478 327 loco

253 352 391 385 certum
418 350 588 387 iudicium
614 350 735 387 facere
761 361 833 386 non
859 350 1022 386 audeam.

349 408 422 446 Sed
446 413 639 455 utcumque
665 411 756 446 haec
781 419 840 445 res
867 420 906 446 se
937 410 1065 455 habet,
1097 409 1218 446 multis
1244 409 1364 445 Procli
1389 409 1478 446 locis

256 468 400 504 collatis
422 480 487 514 pro
515 473 614 505 certo
642 479 729 505 sane
749 468 924 505 affirmari
948 472 1073 514 potest
1104 468 1295 506 Geminum
1324 469 1360 504 in
1385 469 1477 505 libro

249 538 311 564 suo
339 529 595 565 mathematico
623 528 818 564 stoicorum
844 528 983 573 placita
1009 531 1085 565 tam
1112 528 1304 575 diligenter
1334 531 1475 574 specta-

247 586 356 632 visse,
383 590 424 622 ut
450 598 528 623 eum
557 590 637 624 arto
664 587 943 624 necessitudinis
969 588 1113 624 vinculo
1136 598 1215 623 cum
1239 587 1292 624 eis
1310 588 1474 624 coniunc-

246 648 322 682 tum
348 646 460 683 fuisse
487 657 590 683 nemo
616 646 816 693 negaverit.

342 705 577 741 Posidonium
603 709 724 742 autem
749 706 860 751 illum,
888 706 989 741 cuius
1017 706 1181 742 doctrina
1202 705 1265 742 isti
1287 706 1474 751 permultis

248 764 337 800 locis
364 765 553 801 admodum
579 766 734 810 probata
761 775 842 800 esse
868 764 1075 810 videbatur,
1108 765 1347 800 clarissimum
1373 765 1475 801 Cice-

247 823 345 859 ronis
372 827 644 869 praeceptorem
668 822 788 859 Rhodi
814 823 1126 868 philosophantem
1157 823 1283 869 fuisse,
1315 823 1387 860 etsi
1412 834 1476 868 per

247 893 286 918 se
311 885 427 928 patet,
453 883 513 919 vel
538 883 620 919 inde
648 882 768 928 colligi
793 884 925 927 potest,
953 882 1047 926 quod
1063 883 1163 919 Zeno
1183 882 1361 927 Sidonius,
1388 882 1475 927 Epi-

248 953 378 978 cureae
406 945 529 978 sectae
556 942 798 988 philosophuS,
825 944 952 978 contra
979 952 1083 986 quem
1104 941 1320 978 Posidonius
1346 941 1475 978 librum

247 1002 461 1047 composuit,
494 1002 643 1038 Laertio
678 1001 842 1047 Diogene
875 1001 1017 1045 quidem
1051 1003 1201 1037 auctore
1238 1002 1271 1046 (l.
1298 1001 1340 1037 X
1366 1002 1386 1046 ξ
1414 1000 1475 1048 2-5)

245 1059 507 1106 Apollodori*)‚
526 1060 714 1105 scriptoris
732 1060 922 1096 multorum
940 1060 1121 1105 librorum,
1146 1060 1292 1096 auditor
1308 1059 1388 1104 fuit⁷
1415 1060 1475 1104 qui

246 1119 400 1155 secundo
428 1120 573 1156 saeculo
601 1121 685 1155 ante
705 1118 789 1156 Chr.
809 1129 841 1154 n.
861 1122 1016 1155 exeunte
1034 1118 1193 1155 Athenis
1210 1118 1474 1164 philosophiam

246 1178 430 1223 professus
458 1181 525 1215 est.
570 1178 685 1225 Quam
713 1179 756 1213 ob
782 1188 858 1213 rem
883 1188 999 1222 neque
1026 1178 1070 1213 de
1097 1178 1289 1213 Posidonio
1313 1178 1473 1214 Alexan-

246 1238 356 1283 drino,
379 1238 573 1283 Chrysippi
591 1239 831 1282 assectatore,
850 1248 964 1281 neque
984 1237 1027 1273 de
1045 1237 1239 1273 Posidonio
1261 1236 1474 1283 Cyrenaico,

245 1296 477 1333 Anniceridis
504 1296 689 1342 discipulo,
716 1295 871 1342 cogitari
896 1299 1029 1341 potest.

340 1356 507 1400 Denique
532 1355 638 1400 ratio,
677 1365 769 1400 quae
795 1355 891 1391 inter
918 1354 1109 1392 Geminum
1135 1357 1173 1391 et
1200 1355 1334 1392 stoicos
1360 1355 1473 1392 inter-

246 1415 358 1460 cedit,
395 1415 507 1451 etiam
533 1426 577 1451 ex
602 1415 671 1450 hac
696 1413 918 1459 proprietate
944 1414 1171 1460 perspicitur.
1223 1416 1327 1451 Inter
1351 1426 1473 1452 omnes

248 1478 393 1511 constat
413 1475 545 1511 stoicos
565 1473 796 1518 quaestiones
811 1474 1023 1510 dialecticas
1047 1474 1261 1511 adamantes
1279 1475 1473 1520 praecipue

245 1533 297 1569 eis
324 1534 429 1569 rebus
461 1535 571 1577 atque
602 1532 810 1577 praeceptis
845 1532 1000 1569 studium
1026 1544 1197 1578 navasse,
1233 1544 1324 1577 quae
1358 1533 1472 1578 primo

244 1594 373 1630 obtutu
406 1592 593 1629 admodum
627 1591 717 1628 mira
752 1592 812 1629 vel
846 1592 970 1637 inepta
1006 1603 1086 1630 esse
1116 1592 1294 1630 videntur.
1351 1593 1471 1630 Testi-

243 1653 359 1688 monio
394 1654 477 1688 sunt
507 1652 693 1696 paradoxa
727 1651 893 1695 moralia,
932 1662 951 1688 e
978 1652 1106 1695 quibus
1138 1651 1265 1688 Cicero
1301 1653 1472 1689 nonnulla

244 1712 310 1747 sub
337 1711 462 1747 eadem
488 1710 724 1755 inscriptione
751 1710 898 1756 collegit
917 1713 954 1746 et
971 1711 1192 1747 Plutarchus
1219 1711 1335 1747 multa
1352 1711 1390 1747 in
1408 1721 1470 1748 eos

242 1769 350 1806 libros
376 1769 529 1815 recepit,
562 1780 648 1814 quos
675 1780 702 1804 e.
732 1780 764 1814 g.
797 1769 861 1810 „de
887 1769 1139 1815 repugnantiis
1166 1770 1383 1806 stoicorum“
1412 1771 1471 1808 vel

243 1829 311 1874 „de
338 1829 582 1865 communibus
600 1828 764 1864 notitiis“
791 1828 1022 1873 conscripsit;
1048 1828 1255 1865 testimonio
1274 1831 1331 1865 est
1348 1829 1472 1866 Procli

241 1889 343 1924 locus
359 1899 467 1934 pagg.
488 1892 569 1934 396,
588 1893 624 1922 25
637 1909 673 1913 -
689 1891 769 1933 397,
790 1894 818 1933 4,
845 1888 938 1924 unde
957 1888 1187 1933 cognoscitur
1205 1888 1338 1925 stoicos
1357 1889 1470 1925 etiam

242 1947 279 1983 in
305 1947 574 1983 mathematicis
604 1949 770 1984 versatos
797 1948 843 1983 ad
869 1947 977 1992 talia,
1010 1958 1103 1992 quae
1135 1949 1181 1983 ab
1206 1948 1312 1984 initio
1340 1952 1469 1985 contra

243 2007 395 2043 omnium
423 2007 622 2051 opinionem
640 2010 735 2053 sunt,
762 2007 900 2044 animos
922 2006 1133 2043 intendisse.
1176 2006 1348 2043 Ceterum
1365 2007 1467 2044 Posi-

244 2066 369 2102 donius
397 2066 441 2101 de
468 2066 739 2102 admirabilibus
765 2067 888 2107 rebus,
925 2077 1016 2111 quae
1051 2069 1134 2102 sunt
1160 2069 1198 2102 et
1223 2066 1261 2102 in
1287 2070 1467 2103 terrarum

241 2126 326 2161 orbe
353 2127 390 2160 et
416 2124 454 2160 in
479 2135 599 2161 rerum
624 2127 764 2170 natura,
791 2135 969 2170 propenso
997 2125 1114 2161 animo
1141 2127 1335 2162 accuratas
1359 2135 1465 2170 quae—

338 2261 366 2298 *)
387 2260 479 2290 Plura
501 2260 537 2290 de
557 2262 614 2290 hoc
634 2262 738 2291 videas
759 2261 839 2300 apud
861 2261 1022 2298 Zellerum,
1043 2262 1150 2301 philos.
1165 2261 1272 2292 Graec.
1287 2262 1341 2298 111,
1365 2262 1379 2290 1
1395 2270 1466 2301 pag.

240 2312 297 2342 373
318 2310 419 2342 adnot.
442 2311 458 2341 2
480 2311 538 2350 (ed.
559 2311 630 2351 111.)
