1721 2633
688 122 928 155 -47-

195 220 250 252 καὶ
268 222 375 253 τοῦτο
394 217 631 254 ἀποδείκνυσιν
649 219 801 264 ἐναργῶς
823 218 843 254 ὁ
868 223 1011 263 Γεμῖνος
1032 220 1336 267 προαποδείξας*),
1356 216 1419 264 ὅτι,

195 275 237 313 ἂν
259 276 347 322 πρὸς
369 276 556 324 ὁμοιομερῆ
578 278 738 324 γραμμὴν
758 283 831 314 κτλ.
853 280 1029 325 (sequitur
1047 280 1175 317 eadem
1192 281 1419 329 propositio).

192 337 551 375 Demonstrationem
578 342 697 376 autem
715 339 866 376 Proclus
886 350 931 376 ex
953 340 1112 377 auctoris
1137 340 1192 376 sui
1217 351 1324 386 opere
1349 352 1420 378 non

194 396 388 443 exscripsit
401 398 469 434 hoo
487 398 704 435 arbitratus:
730 401 786 433 καὶ
804 399 952 442 ληπτέον
969 399 1006 433 ἐκ
1020 400 1090 434 τῶν
1108 399 1237 433 ἐκείνου
1256 398 1292 445 (i.
1308 410 1338 435 e.
1358 404 1421 434 τοῦ

195 457 354 503 Γεμίνου)
381 466 452 500 τοῖς
476 459 680 501 φιλομαθὲσι
706 456 765 500 τὰς
790 457 986 501 ἀποδείξεις,
1018 459 1087 494 ἐπεὶ
1112 461 1167 493 καὶ
1193 457 1254 500 τὰς
1279 460 1420 502 γενέσεις

192 517 267 550 τῶν
293 522 473 562 σπειρικῶν
499 522 669 562 γραμμῶν
694 520 749 551 καὶ
779 519 852 551 τῶν
877 519 1088 561 κογχοειδῶν
1118 520 1175 551 καὶ
1211 519 1282 552 τῶν
1307 528 1418 553 κισσο-

192 577 293 611 ειόῶν
318 579 552 623 παραδίδωσιν
575 577 673 624 (pag.
695 580 774 619 113,
797 577 899 626 3—6).
954 577 1091 625 Quibus
1121 588 1166 614 ex
1191 577 1312 614 verbis
1340 588 1418 614 cum

190 636 352 672 nonnulli
378 637 447 673 viri
473 637 572 673 docti
598 637 792 681 specialem
819 638 863 673 de
895 637 1031 673 talibus
1060 637 1165 673 lineis
1197 637 1327 673 librum
1359 648 1417 674 ex-

190 693 325 738 piscati
351 705 431 731 esse
459 694 528 731 sibi
553 695 623 732 visi
650 698 782 741 essent,
809 696 858 731 M.
886 695 926 731 C.
952 696 995 731 P.
1021 695 1184 732 Schmidt
1210 695 1304 731 Phil.
1331 698 1416 731 tom.

192 756 236 788 45
271 765 377 802 pagg.
405 756 571 799 76-79‚
600 765 707 800 quam
737 753 871 791 futtilis
906 757 1005 792 esset
1035 755 1128 791 haec
1153 753 1286 800 opinio,
1316 757 1417 791 recte

190 814 360 850 ostendit.

288 873 360 911 Sed
385 884 431 911 ne
457 874 519 911 ille
546 874 686 920 quidem
713 874 807 911 omni
834 885 878 911 ex
903 876 1011 920 parte
1037 883 1163 910 verum
1188 874 1417 919 perspexisse

188 932 345 978 videtur,
373 936 501 978 utpote
527 935 586 978 qui
613 945 719 979 quam
738 934 948 970 cautissime
973 934 995 969 1.
1013 934 1035 969 l.
1053 944 1137 979 pag.
1168 937 1211 967 76
1240 943 1278 969 se
1300 936 1417 975 „trac-

187 991 364 1028 tationem
383 1003 574 1029 curvarum
594 994 818 1038 quarundam
837 993 937 1038 operi
962 995 1091 1036 θεωρία
1110 996 1182 1026 τῶν
1199 992 1416 1035 μαθημάτων

188 1050 369 1087 tribuere“
400 1051 546 1088 diceret.
585 1052 715 1097 Neque
741 1052 835 1088 enim
862 1051 983 1088 verbis
1002 1051 1126 1087 Procli
1151 1051 1314 1087 laudatis
1340 1062 1416 1097 pro-

186 1109 266 1144 bari
282 1113 406 1154 potest
425 1111 589 1156 singulas
608 1104 797 1146 curvarum
815 1110 1090 1155 propositiones,
1115 1110 1241 1153 quales
1260 1111 1416 1155 exempli

187 1178 298 1204 causa
325 1179 369 1204 ex
394 1169 582 1214 Apollonii
609 1169 753 1206 Conicis
779 1169 953 1213 novimus,
987 1179 1067 1205 esse
1094 1168 1316 1213 disquisitae,
1344 1169 1415 1205 etsi

184 1227 298 1272 primo
322 1229 453 1264 obtutu
471 1229 593 1265 verbis
615 1230 706 1265 haec
724 1229 842 1275 opinio
862 1229 1140 1265 commendatur.
1166 1228 1262 1265 Nam
1281 1228 1414 1264 dixerit

186 1288 265 1331 quis
285 1288 497 1325 vocabulum
518 1288 687 1331 ἀπόδειξις
718 1291 815 1335 (pag.
847 1292 924 1334 113,
936 1287 969 1335 4)
988 1287 1222 1333 peculiariter
1246 1288 1283 1323 in
1310 1288 1412 1324 theo-

184 1347 335 1383 rematis
355 1347 603 1392 significandis
630 1348 794 1384 adhiberi
823 1351 934 1392 atque
960 1347 1134 1384 vocabulo
1162 1348 1288 1389 γὲνεσις
1315 1349 1411 1392 (pag.

188 1409 265 1452 113,
281 1406 314 1453 4)
333 1406 471 1452 opponi,
503 1418 571 1451 quo
589 1408 851 1452 problematum
870 1407 1076 1452 proprietas
1093 1406 1299 1451 insignitur;
1327 1406 1412 1450 quin

184 1465 231 1500 ad
270 1476 313 1501 ea
347 1466 609 1510 provocaverit,
646 1477 738 1511 quae
773 1466 852 1511 ipse
886 1466 932 1501 ad
967 1476 1048 1511 pag.
1085 1467 1164 1509 201,
1186 1470 1281 1498 5—15
1317 1465 1412 1509 (vide

182 1535 265 1570 pag.
287 1528 331 1559 24
352 1526 383 1569 s)
411 1524 602 1569 explicavi.
655 1525 777 1561 Nihilo
804 1525 920 1561 minus
947 1524 1110 1569 equidem
1138 1534 1267 1559 censeo
1286 1534 1410 1560 vocem

184 1583 369 1626 ἀποδείξεις
404 1586 498 1629 (pag.
531 1584 655 1631 113,4)
690 1596 760 1620 non
790 1588 866 1621 tam
898 1584 945 1619 in·
965 1584 1169 1620 universum
1196 1583 1242 1618 ad
1267 1583 1408 1619 theore-

184 1646 283 1679 mata
299 1653 500 1688 curvarum,
517 1643 580 1679 sed
595 1644 643 1679 ad
656 1654 720 1680 eas
734 1647 877 1680 tantum
888 1642 1214 1678 demonstrationes
1229 1645 1407 1688 spectare,

183 1715 275 1749 quae
314 1714 424 1750 supra
463 1703 585 1740 verbis
625 1705 732 1738 τοῦτο
773 1702 1010 1738 ἀποδείκνυσιν
1049 1702 1145 1749 (pag.
1188 1704 1265 1747 112,
1277 1700 1329 1749 22)
1369 1703 1408 1737 et

178 1766 431 1807 προαποὸείξας
458 1767 553 1810 (pag.
584 1767 661 1809 112,
673 1764 725 1808 23)
751 1763 934 1799 indicatae
961 1765 1055 1798 sunt.

278 1823 392 1870 Quem
425 1824 542 1859 locum
569 1824 599 1859 si
626 1826 727 1859 recte
752 1822 985 1867 interpretati
1011 1831 1143 1866 sumuS,
1174 1821 1309 1856 nullum
1333 1820 1407 1856 iam

179 1884 298 1917 restat
329 1881 583 1927 fragmentum,
616 1883 710 1918 unde
742 1881 923 1917 efficiatur
954 1880 1116 1925 singulas
1142 1879 1405 1924 propositiones

178 1941 238 1978 vel
263 1940 440 1977 linearum
465 1942 524 1978 vel
544 1952 710 1978 arearum
736 1941 796 1978 vel
814 1940 1006 1976 solidorum
1031 1941 1284 1984 pertractatas
1311 1948 1403 1975 esse.

275 2058 302 2097 ¹⁸¹)
332 2058 452 2095 Cantor,
488 2059 538 2095 qui
573 2059 733 2089 lectionem
760 2055 988 2096 προςαποδείξας
1019 2055 1144 2093 recepit,
1176 2055 1255 2092 quod
1283 2054 1403 2091 quidem

176 2116 214 2138 ex
235 2108 300 2138 eius
321 2108 574 2146 interpretatione
597 2108 715 2146 „indem
737 2116 770 2138 er
790 2107 866 2136 noch
887 2106 1069 2143 hinzufiigt“
1093 2104 1188 2134 conici
1208 2106 1321 2141 potest,
1342 2104 1362 2133 1.
1383 2104 1402 2132 l.

175 2167 245 2195 pag.
260 2158 318 2187 382
333 2167 347 2187 s
358 2157 454 2186 falsus
469 2161 525 2187 est.
566 2158 661 2187 Istius
672 2157 737 2186 loeo
749 2156 931 2193 scripturam
946 2155 1053 2192 optimi
1063 2153 1174 2183 codicis
1188 2151 1403 2191 προαποδείξας

175 2207 346 2237 necessario
377 2207 580 2245 reponendam
611 2215 678 2237 esse
709 2215 747 2236 ex
776 2205 823 2234 his
851 2204 953 2234 verbis
979 2203 1086 2233 similis
1121 2202 1180 2232 loci
1207 2201 1402 2240 cognoscitur

175 2256 276 2292 ’τούτῳ
296 2256 353 2297 γάρ
374 2258 418 2292 ’τῷ
439 2256 615 2296 θεωρήματι
634 2256 821 2296 χρώμενος
835 2253 978 2283 δείκνυσιν
1003 2253 1048 2282 ὅτι
1068 2252 1130 2284 κτλ,
1152 2261 1226 2292 ergo
1248 2255 1338 2282 antea
1351 2251 1400 2281 de·

173 2309 346 2337 monstrata
366 2310 433 2337 erat
452 2306 629 2346 propositio.
