1721 2633
748 127 989 158 -60—

246 222 383 261 Variae
408 232 529 259 rerum
556 220 897 259 mathematicarum
925 220 1164 268 definitiones,
1196 232 1290 268 quae
1315 221 1398 260 huic
1426 220 1482 260 illi

246 283 323 320 viro
356 282 462 319 docto
493 283 672 328 probatae
699 284 817 329 erant,
849 282 887 318 in
912 281 987 318 illis
1019 281 1323 327 descriptionibus
1349 293 1483 329 magna

245 352 325 379 cum
369 342 562 389 diligentia
610 345 854 389 congeruntur
895 344 1005 387 atque
1048 352 1315 387 nonnumquam
1358 343 1483 380 eodem

245 402 368 439 ordine
392 403 642 448 disponuntur,
671 413 740 447 quo
759 403 911 439 Proclus
938 401 1061 440 varias
1089 401 1283 438 definiendi
1308 402 1481 440 formulas

244 465 444 498 enumerat.
496 462 702 498 Luculento
738 462 901 506 exemplo
938 464 1023 498 sunt
1057 461 1177 497 lineae
1210 461 1483 498 adumbrandae

247 520 412 557 rationes
430 521 467 557 in
494 524 603 566 caput
631 520 794 565 quintum
819 521 998 557 collectae
1025 521 1120 568 (pag.
1140 524 1159 555 8
1175 521 1266 566 Hu),
1292 531 1384 566 quae
1403 531 1483 566 cum

242 580 428 617 Platonici
459 580 763 617 commentatione
798 591 905 626 pagg.
936 583 1249 626 109,21-110,2o
1279 580 1369 616 mire
1397 591 1480 616 con-

243 639 378 675 cinunt.

339 699 450 735 Hanc
469 702 590 735 autem
609 698 862 735 commentarii
888 700 1032 744 partem
1052 697 1206 735 Gemino
1234 698 1357 735 deberi
1375 709 1479 744 prop-

240 761 345 795 terea
372 758 451 796 veri
477 758 594 795 simile
621 761 690 805 est,
725 759 818 804 quod
845 759 910 795 sub
943 758 1050 795 finem
1075 757 1199 796 verbis
1230 757 1478 793 πάνταταῦτα

240 817 302 861 τὴν
328 818 481 862 ἰδιότητα
507 822 658 863 σημαίνει
684 821 743 863 τῆς
765 819 908 863 εὐθείας,
940 815 983 862 ἣν
1007 818 1073 860 ἔχει
1100 819 1156 864 τῷ
1182 831 1222 852 τε
1248 816 1354 862 ἁπλῇ
1380 818 1479 853 εἶναι

239 879 295 911 καὶ
316 880 399 918 μίαν
416 877 505 920 ἔχειν
528 878 716 923 πρόοδον
742 879 963 922 ἐλαχίστην
990 881 1062 912 τῶν
1085 876 1154 912 ἀπὸ
1173 881 1235 912 τοῦ
1260 878 1407 922 πέρατος
1423 878 1477 912 ἐπὶ

239 935 391 980 θάτερον
415 938 521 981 πέρας
548 939 645 984 (pag.
669 941 748 981 110,
762 942 827 971 23-
838 941 890 981 26)
917 937 1050 974 iterum
1074 936 1290 982 simplicitas
1316 938 1356 973 et
1373 947 1478 984 gene-

239 995 336 1031 ratio
363 995 482 1032 lineae
500 997 696 1042 respicitur
714 999 752 1033 et
771 997 866 1041 quod
891 996 1046 1042 insignis
1063 996 1196 1041 positio
1223 996 1327 1033 verbi
1354 999 1478 1041 διαιρεῖ

237 1058 332 1101 (pag.
371 1059 449 1102 111,
465 1057 497 1101 1)
538 1055 576 1092 in
612 1056 875 1102 disputationis
914 1055 1019 1092 initio
1055 1055 1225 1092 collocati
1261 1055 1476 1093 documento

237 1117 295 1150 est
340 1125 411 1151 non
450 1116 554 1152 modo
596 1116 862 1152 ordinationem
902 1116 1082 1152 linearum
1128 1125 1221 1160 quae
1261 1115 1474 1161 insequitur,

236 1185 364 1211 verum
397 1174 510 1212 etiam
545 1175 776 1213 definitiones
816 1186 909 1222 quae
944 1174 1168 1212 antecedunt
1204 1172 1355 1222 (ὁρισμοὶ
1388 1186 1473 1222 pag.

238 1237 317 1280 110,
329 1236 382 1279 27)
410 1245 456 1271 ex
482 1236 644 1272 auctoris
668 1236 760 1273 libro
788 1236 993 1281 exscriptas
1020 1245 1111 1271 esse.
1157 1234 1280 1281 Quare
1308 1234 1474 1271 conferas

235 1293 382 1330 Gemini
407 1294 523 1330 locum
551 1305 629 1331 cum
658 1295 783 1340 quinto
812 1295 934 1341 capite
962 1294 1225 1331 definitionum:

365 1354 454 1390 Her.
476 1353 547 1390 def.
567 1365 646 1400 cap.
669 1359 699 1391 5.

232 1410 349 1446 εὐθεῖα
379 1414 443 1454 μὲν
470 1411 535 1448 οὖν
570 1413 708 1459 γραμμή
734 1415 824 1449 ἐστιν

236 1471 270 1518 1)
298 1467 368 1515 ἥτις
398 1472 435 1515 ἐξ
467 1472 543 1507 ἴσου
577 1481 652 1514 τοῖς
685 1474 736 1507 ἐπ’
762 1472 821 1508 αὐ-

232 1532 289 1574 τῆς
316 1534 464 1575 σημείοις
487 1539 597 1566 κεῖται
615 1532 704 1577 ὀρθὴ
723 1531 820 1574 οὖσα,

230 1708 267 1756 2)
303 1708 380 1743 οἷον
419 1709 469 1743 ἐπ’
509 1707 617 1754 ἄκρον
656 1712 819 1756 τεταμένη

228 1768 282 1802 ἐπὶ
309 1766 350 1802 τὰ
376 1769 519 1813 πέρατα,

230 1825 265 1871 3)
293 1822 365 1869 ἥτις
387 1826 453 1861 δύο
471 1828 653 1862 δοθέντων
670 1832 818 1872 σημείων

229 1883 248 1929 ἡ
273 1886 400 1929 μεταξὺ
418 1887 575 1931 ἐλαχίστη
592 1888 660 1922 ἐστὶ
686 1892 758 1923 τῶν
775 1887 818 1924 τὰ

227 1943 315 1978 αὐτὰ
326 1947 455 1990 πέρατα
466 1947 625 1989 ἐχουσῶν
635 1950 815 1991 γραμμῶν,

225 2183 260 2228 4)
288 2178 327 2226 ἧς
352 2180 465 2217 πάντα
483 2181 524 2218 τὰ
540 2184 626 2229 μέρη
643 2187 723 2219 πᾶσι
743 2193 815 2228 τοῖς

223 2242 336 2287 μέρεσι
387 2247 562 2286 παντοίως
608 2244 814 2292 ἐφαρμόζειν

223 2302 385 2345 πέφυκεν,

885 1354 1004 1391 Procl.
1020 1364 1127 1399 pagg.
1146 1356 1225 1398 109,
1239 1356 1314 1386 21-
1335 1356 1413 1394 110,
1427 1358 1474 1387 26.

885 1472 1078 1519 [Εὐκλείδης
1103 1471 1197 1507 idem
1223 1470 1268 1508 cf.
1290 1474 1369 1516 109,
1384 1473 1423 1519 7]

885 1591 919 1638 1)
945 1589 1140 1625 Πλάτων·
1167 1587 1345 1635 (γραμμὴ)
1370 1587 1408 1635 ἧς
1430 1589 1472 1626 τὰ

880 1651 965 1691 μέσα
996 1657 1070 1691 τοῖς
1104 1647 1223 1693 ἄκροις
1257 1649 1469 1693 ἐπιπροσθεῖ,

882 1710 919 1757 4)
958 1709 1010 1744 ἐπ’
1050 1706 1159 1753 ἄκρον
1197 1708 1268 1742 ἐστὶ
1306 1710 1471 1754 τεταμένη

879 1768 1016 1814 γραμμὴ

881 1831 916 1874 3)
943 1826 1204 1872 Ἀρχιμήδης·
1234 1825 1372 1870 γραμμὴ
1398 1827 1470 1861 ἕλα-

877 1892 974 1932 χίστη
1014 1890 1085 1922 τῶν
1124 1883 1167 1920 τὰ
1209 1883 1297 1920 αὐτὰ
1338 1886 1469 1930 πέρατα

876 1950 1045 1992 ἐχουσῶν,

878 2009 914 2055 5)
940 2008 1047 2051 μέρον
1073 2006 1136 2046 μὲν
1162 2001 1269 2047 αὐτῆς
1286 2002 1352 2038 οὐκ
1378 2004 1469 2039 ἔστιν

875 2068 913 2102 ἐν
955 2067 1005 2113 τῷ
1047 2063 1259 2109 ὑποκειμένῳ
1307 2063 1465 2110 ἐπιπέδῳ,
1510 2069 1513 2073 ’

874 2128 979 2171 μέρος
1009 2127 1046 2160 δὲ
1077 2126 1114 2160 ἐν
1141 2126 1190 2169 τῷ
1211 2112 1465 2170 μετεωροτέρῳ,

877 2186 914 2235 6)
942 2186 1055 2221 πάντα
1074 2183 1180 2227 αὐτῆς
1197 2180 1239 2215 τὰ
1255 2185 1341 2229 μέρη
1363 2187 1467 2227 πᾶσιν

874 2245 1003 2291 ὁμοίως
1027 2247 1221 2297 ἐφαρμόζει,
