1721 2633
691 120 928 152 ...25-

195 216 317 251 obrem
343 214 508 250 notiones
534 216 665 258 γνῶναι
691 217 729 251 et
753 218 961 259 πορίσασθαι
988 215 1093 260 quasi
1120 216 1265 261 propria
1291 216 1426 252 indicia

194 272 473 318 uniuscuiusque
500 273 645 320 generis
672 273 923 310 aestimandae
950 278 1045 311 sunt.

292 333 457 369 Eandem
475 333 586 379 igitur
611 334 792 370 rationem
811 334 1109 378 deprehendimus
1127 334 1163 370 in
1183 345 1227 370 ea
1249 345 1424 371 commen-

194 391 283 427 tarii
312 395 420 437 parte
452 392 575 439 (pagg.
604 394 822 437 200—2025,
857 393 918 429 ubi
944 394 1095 429 Proclus
1129 393 1311 438 describit,
1340 404 1425 438 qua·

195 454 301 488 tenus
332 455 416 497 post
441 451 620 497 principia
648 451 814 488 stabilita
846 452 1067 498 geometriae
1093 452 1319 497 provinciam
1345 463 1423 498 per-

195 510 312 546 tinere
340 510 517 547 Geminus
544 511 781 547 contenderit.
828 512 948 549 Velim
975 513 1040 548 hos
1066 512 1166 547 locos
1194 512 1374 548 conferas:

242 569 393 605 Proclus
419 580 502 615 pag.
525 572 656 613 178,14
681 580 727 605 ss.
942 570 1026 605 ibid.
1046 581 1127 615 pag.
1149 572 1327 615 201,5—9.

193 628 230 662 ἐν
260 630 323 669 μὲν
357 636 430 669 τοῖς
467 628 703 672 θεωρήμασι
739 628 778 663 τὸ
839 628 1133 676 (θεωρήματα),
1191 629 1228 662 ἐν
1279 628 1330 669 οἷς
1384 628 1424 663 τὸ

194 685 394 722 ἀκόλουθον
421 689 526 721 ἰδεῖν
543 690 597 721 καὶ
624 692 778 729 γνῶναι
838 686 996 731 ὑπάρχον
1021 685 1041 731 ἢ
1067 687 1113 731 μή
1135 687 1296 730 ὑπάρχον
1322 689 1424 722 ἰδεῖν

195 754 268 788 τοῖς
305 745 539 787 ὑποκειμένοις
584 746 777 794 προτιζθὲ-
837 749 892 780 καὶ
926 748 1080 790 γνῶναι
1115 749 1171 781 καὶ
1210 746 1424 789 ἀποδεῖξαι

193 809 297 846 μεθα
312 805 531 853 (θίγνῶσις
545 804 777 840 ἀποδεικτι-
837 813 1058 850 προαιρεῖται,

194 863 240 907 κὴ
266 874 349 910 pag.
374 866 525 910 179,10),

194 924 230 958 ἐν
256 925 292 958 δὲ
318 931 389 964 τοῖς
413 924 672 967 προβλήμασι
706 936 777 958 πο·
838 923 1151 969 (προβλήματα),
1178 924 1215 957 ἐν
1241 923 1293 965 οἷς
1318 922 1361 957 τὰ
1378 922 1425 967 μή

194 986 410 1026 ρίσασθαι
444 986 499 1017 καὶ
532 985 719 1027 ποιῆσαί
747 997 778 1017 τι
839 980 924 1017 ὅντα
941 985 1262 1026 πωπορίσασθαι
1280 986 1423 1026 προτί-

194 1042 486 1086 προςταττόμεθα.
838 1047 954 1077 θεῖαι
996 1045 1051 1075 καὶ
1077 1044 1121 1082 εἰς
1146 1042 1292 1084 ἐμφανὲς
1317 1054 1423 1085 παρα-

837 1109 953 1144 γαγεῖν
990 1103 1045 1135 καὶ
1083 1101 1424 1144 προςμηχανήσα-

837 1164 940 1194 σθαι.

291 1220 373 1256 Iam
411 1219 606 1266 intelleges
645 1222 835 1264 utrumque
873 1219 989 1255 locum
1030 1220 1075 1255 ab
1115 1219 1239 1255 eodem
1274 1221 1423 1255 auctore

193 1279 393 1324 profectum
419 1290 509 1325 esse,
537 1280 678 1316 scilicet
701 1290 722 1314 a
742 1279 905 1322 Gemino,
935 1278 1101 1322 quoniam
1120 1278 1423 1323 disceptationem

193 1349 302 1384 pagg.
335 1341 523 1374 178-182
555 1338 637 1374 huic
669 1338 837 1384 scriptori
864 1338 987 1373 deberi
1018 1348 1128 1382 snpra
1155 1338 1247 1373 satis
1280 1338 1422 1373 demon-

194 1400 351 1434 stratum
388 1400 455 1434 est.
517 1398 626 1446 (Vide
661 1409 743 1444 pag.
778 1399 850 1442 22).
912 1396 1017 1443 Quod
1055 1397 1117 1433 ille
1151 1397 1189 1433 in
1223 1397 1291 1443 eis,
1331 1408 1422 1441 quae

194 1460 393 1502 sequuntur
435 1459 529 1503 (pag.
576 1460 656 1498 201,
673 1458 799 1502 9—16),
847 1457 1103 1502 generationes
1148 1457 1319 1503 (γενέσεις)
1362 1457 1423 1493 vel

194 1516 330 1553 similes
360 1516 547 1561 passiones
578 1516 812 1562 problematis
844 1515 1063 1561 efficiendas,
1095 1516 1334 1552 theorematis
1362 1516 1421 1551 de-

192 1576 447 1612 monstrandas
482 1586 561 1612 esse
596 1576 841 1620 proprietates
877 1575 1127 1619 (συμπτώματα
1158 1587 1239 1621 pag.
1274 1576 1420 1621 201,13)

194 1635 368 1680 declarat,
385 1635 550 1671 nimirum
569 1635 718 1671 eandem
737 1635 984 1680 distinguendi
1001 1635 1180 1671 rationem
1199 1635 1282 1670 aliis
1300 1635 1422 1671 verbis

193 1694 365 1739 explicat,
391 1694 607 1739 praesertim
634 1705 712 1730 cum
738 1694 931 1730 nonnullae
957 1694 1165 1739 passionum
1193 1705 1238 1730 ac
1263 1693 1421 1739 proprie-

192 1756 312 1790 tatum
330 1753 468 1798 species
488 1756 613 1799 aperte
633 1765 712 1790 cum
731 1753 784 1790 eis
799 1757 1011 1800 congruant,
1030 1765 1122 1798 quae
1140 1765 1224 1799 pag.
1243 1758 1422 1796 :38‚12-15

192 1816 427 1849 enumeratae
454 1817 548 1850 sunt.
598 1813 693 1860 Quid
718 1812 855 1849 multa?
899 1813 960 1848 An
987 1823 1075 1849 casu
1101 1813 1223 1849 nescio
1241 1818 1318 1857 'quo
1345 1813 1422 1849 fac-

192 1875 267 1908 tum
300 1870 382 1920 est,}
416 1875 456 1908 ut
486 1883 569 1918 pag.
604 1875 731 1918 201,21
764 1882 829 1908 eae
864 1883 956 1917 quae
994 1871 1207 1916 ὁμοιομερεῖς
1247 1875 1424 1909 vocantur

192 1931 311 1967 lineae
344 1932 504 1977 exemplo
532 1930 755 1968 afferantur?
797 1931 851 1967 At
879 1931 1070 1968 Geminum
1102 1932 1241 1968 talibus
1277 1932 1422 1977 potissi-

192 2001 287 2026 mum
321 1990 480 2027 studium
514 2001 671 2027 navasse
705 1991 856 2026 Proclus
895 2002 979 2036 pag.
1018 1994 1212 2035 251,8—10
1247 1994 1420 2032 testatur,

195 2060 344 2094 quarum
369 2052 446 2086 tres
474 2050 611 2095 species
639 2053 678 2086 et
703 2060 786 2096 pag.
822 2053 954 2095 251‚10
978 2060 1014 2086 ss
1046 2053 1084 2086 et
1118 2060 1201 2095 pag.
1231 2053 1364 2095 201‚24
1386 2061 1422 2086 ss

194 2108 393 2145 afferuntur
418 2111 534 2150 recta,
563 2109 867 2155 circumferentia,
894 2109 1041 2154 spiralis
1069 2109 1204 2145 circum
1223 2109 1419 2155 cylindrum

194 2167 388 2212 descripta.
430 2168 596 2213 Denique
619 2169 710 2204 artis
728 2168 907 2205 vocabula
933 2168 973 2202 τὸ
999 2172 1031 2201 τί
1054 2168 1120 2201 ἐστι
1147 2169 1245 2214 (pag.
1267 2171 1419 2213 201,185,

193 2225 235 2261 τὸ
261 2228 292 2261 εἰ
316 2226 383 2261 ἔστι
411 2226 566 2274 (202,2),
604 2226 643 2261 τὸ
677 2225 804 2262 ὁποῖόν
829 2230 863 2261 τί
886 2227 952 2261 ἐστι
988 2229 1113 2272 (202‚5
1140 2229 1190 2272 S),
1235 2227 1274 2262 τὸ
1300 2226 1353 2261 διὰ
1393 2232 1424 2260 τί

196 2285 295 2333 (202,
307 2285 339 2333 9)
359 2289 437 2323 tam
468 2289 548 2324 arto
580 2286 826 2324 similitudinis
857 2286 1001 2324 vinculo
1033 2286 1224 2324 coniuncta
1251 2290 1345 2332 sunt,
1381 2290 1418 2323 ut
