1721 2633
756 117 996 148 ..72-

256 215 377 252 verbis
412 215 529 251 locum
556 225 664 259 supra
691 224 710 249 e
742 213 852 249 variis
879 212 1153 249 collectionibus
1181 212 1279 259 (pag.
1310 213 1489 258 251‚3-6)

257 274 481 318 exscriptum
507 273 684 309 conferas.

354 332 428 369 Sed
453 332 547 368 haec
573 331 715 376 quidem
742 331 937 376 hactenus;
964 332 1119 376 apparet
1146 330 1239 366 enim
1266 331 1312 367 ab
1338 333 1489 376 utroque

255 391 334 428 viro
361 391 498 427 similes
523 401 583 427 res
610 390 737 426 eadem
762 390 906 427 ratione
933 392 1117 426 tractatas
1144 400 1235 435 esse,
1269 390 1415 426 easdem
1446 390 1490 425 de

255 450 436 486 nonnullis
478 451 587 486 rebus
630 449 835 485 sententias
878 449 1059 494 prolatas,
1104 448 1256 485 eandem
1298 449 1489 485 verborum

254 510 517 555 supellectilem
549 512 761 554 usurpatam
794 519 890 552 esse3
926 511 1122 555 praeterea
1147 507 1322 546 Geminus
1354 511 1489 544 meteo-

253 570 399 615 rologus
433 581 478 605 ex
508 569 694 605 Posidonii
724 569 948 613 Apamensis
980 568 1174 613 disciplina
1205 568 1390 612 profectus
1421 570 1489 612 est,

254 639 334 665 cum
373 628 674 664 mathematicum
710 631 748 664 et
785 628 901 672 ipsum
942 627 1102 663 eiusdem
1138 626 1244 663 stoici
1278 626 1489 672 discipulum

253 688 366 724 fuisse
394 699 504 732 supra
530 687 848 724 declaraverimus.
888 688 987 732 Ergo
1015 687 1260 730 consequitur,
1287 689 1328 722 ut
1353 689 1488 722 meteo-

251 747 396 793 rologus
424 749 462 783 et
488 746 772 782 mathematicus
798 756 891 782 unus
917 746 1081 790 idemque
1108 745 1229 781 fuerit.

426 856 446 903 ξ
475 859 506 890 2.
534 856 597 891 De
625 855 794 892 Gemini
821 855 982 891 studiis
1008 855 1323 891 astronomicis.

354 925 433 960 Iam
461 924 683 960 sententiam
701 924 849 959 Manitii
867 924 1112 960 examinemus
1129 924 1299 970 negantis
1317 924 1486 969 libellum,

255 983 317 1028 qui
344 984 451 1029 vulgo
479 982 643 1026 εἰςαγωγὴ
670 985 716 1024 εἰς
746 982 787 1016 τὰ
812 983 1003 1024 φαινόμενα
1028 982 1247 1028 inscribitur,
1274 994 1296 1018 a
1324 983 1486 1028 Gemino,

252 1042 329 1078 viro
360 1042 645 1078 mathematicae
681 1042 854 1087 studioso,
889 1042 1130 1086 conscriptum
1163 1052 1254 1083 esse,
1288 1042 1372 1086 quia
1403 1053 1486 1078 non-

252 1101 368 1137 nullos
386 1101 494 1145 locos,
515 1101 576 1145 qui
595 1112 617 1136 a
637 1103 799 1138 veterum
814 1100 981 1137 doctrina
996 1104 1105 1145 atque
1124 1112 1146 1137 a
1165 1101 1324 1137 veritate
1343 1103 1486 1137 natura-

252 1171 320 1205 que
339 1153 545 1206 abhorrent,
563 1163 664 1197 recte
680 1160 934 1206 investigavit.
963 1160 1074 1197 Cuius
1092 1160 1341 1197 commentarii
1359 1163 1487 1197 auctor

251 1230 339 1256 sane
363 1219 421 1256 bic
439 1220 526 1265 illic,
559 1220 710 1256 simulac
727 1230 786 1256 res
805 1223 911 1256 erant
930 1220 967 1255 in
985 1220 1180 1256 maioribus
1199 1219 1485 1265 difficultatibus

250 1278 419 1315 inanibus
438 1281 549 1323 atque
567 1279 719 1315 incertis
738 1279 861 1315 verbis
885 1289 924 1314 se
943 1289 1002 1314 res
1020 1290 1146 1324 parum
1166 1279 1333 1325 cognitas
1350 1280 1485 1315 habere

250 1338 480 1374 ostendebat.
524 1338 580 1373 At
602 1338 749 1374 Manitii
776 1338 919 1382 quidem
945 1338 1131 1374 sententia
1155 1338 1233 1374 fieri
1257 1348 1329 1373 non
1354 1338 1484 1382 potuit,

249 1400 291 1433 ut
328 1397 527 1439 Geminus,
564 1397 877 1442 praeclarissimus
911 1397 972 1433 ille
1007 1397 1305 1443 mathematicus,
1341 1397 1484 1441 saepius

248 1455 480 1502 gravioribus
507 1457 688 1492 erroribus
715 1456 909 1492 laberetur.
960 1456 1033 1493 Sed
1058 1456 1151 1492 unde
1178 1455 1234 1493 vir
1261 1455 1389 1492 doctus
1415 1455 1485 1492 scit

249 1514 403 1551 stoicum
444 1515 487 1550 de
531 1515 807 1559 quaestionibus
850 1515 1119 1552 mathematicis
1163 1514 1484 1559 astronomicisque

248 1574 499 1618 disputantem
538 1574 716 1610 hominem
755 1577 885 1612 tantae
925 1574 1111 1611 sollertiae
1150 1585 1190 1611 se
1227 1573 1483 1620 praestitisse?

248 1632 366 1680 Quid?
394 1633 487 1678 quod
505 1644 587 1679 pag.
610 1637 676 1668 119
696 1634 774 1679 ipse
799 1634 964 1671 concedit
987 1645 1077 1675 eum,
1105 1635 1167 1679 qui
1192 1645 1251 1671 res
1277 1635 1483 1680 propositas

247 1693 391 1737 copiose
424 1694 610 1738 explanet,
643 1695 686 1729 ob
719 1704 843 1729 earum
873 1694 1093 1730 varietatem
1124 1694 1233 1730 facile
1263 1694 1302 1729 in
1327 1704 1483 1730 errorem

245 1751 416 1796 incidere,
435 1752 506 1787 nisi
524 1752 807 1788 mathematicae
825 1751 961 1798 gnarus
980 1752 1117 1788 acriter
1135 1753 1253 1788 animo
1272 1752 1480 1789 connititur.

246 1811 336 1846 Tum
365 1810 472 1847 velim
497 1821 541 1846 ea
560 1814 755 1857 computes,
775 1823 867 1856 quae
885 1812 1064 1848 Manitius
1081 1812 1103 1848 1.
1122 1812 1143 1848 1.
1161 1823 1269 1858 pagg.
1293 1815 1480 1848 109—118

245 1880 378 1915 magna
410 1880 489 1906 cum
521 1870 729 1915 sagacitate
762 1874 873 1915 atque
905 1871 981 1907 acri
1010 1871 1156 1916 ingenio
1184 1871 1414 1917 disceptavit,
1441 1876 1482 1908 ut

246 1928 405 1965 auctoriS
433 1930 556 1965 errata
582 1929 777 1975 indagaret
804 1932 914 1974 atque
940 1929 977 1966 in
1003 1930 1158 1967 medium
1184 1930 1381 1977 proferret;
1409 1931 1481 1968 iam

243 1988 451 2034 profitearis
481 1989 557 2027 ista
589 1989 708 2026 tantis
741 1990 957 2036 ambagibus
993 1993 1159 2027 contorta
1191 2002 1286 2033 esse,
1320 1995 1360 2028 ut
1391 2003 1481 2037 eum,

243 2048 304 2092 qui
335 2059 406 2084 non
437 2052 554 2085 totum
588 2060 627 2085 se
658 2049 714 2085 his
740 2051 847 2085 rebus
874 2050 1027 2096 dederit,
1054 2061 1319 2095 nonnumquam
1346 2062 1368 2087 a
1394 2062 1480 2088 vero

243 2109 419 2145 aberrare
458 2119 528 2145 non
564 2109 691 2146 mirum
728 2110 786 2146 sit.
837 2110 1041 2147 Praeterea
1077 2121 1290 2153 caveamus,
1329 2122 1374 2148 ne
1412 2111 1482 2148 tali

241 2168 362 2204 textui
405 2168 552 2204 nimiam
594 2169 701 2204 fidem
744 2170 962 2215 habeamus,
1011 2169 1177 2214 quoniam
1220 2180 1299 2206 eum
1341 2170 1481 2206 lacunis

248 2229 394 2265 scatere
422 2238 465 2263 ac
492 2228 615 2264 multis
634 2228 976 2274 interpolationibus
994 2229 1221 2274 inquinatum
1247 2239 1328 2266 esse
1355 2232 1393 2266 et
1418 2240 1483 2275 per

250 2298 289 2324 se
317 2290 425 2334 patet
451 2289 490 2324 et
516 2288 652 2325 sodalis
669 2289 822 2325 Martini
840 2291 1015 2327 accurata
1027 2289 1482 2336 ,disquisitione-instituta
