1721 2633
718 150 759 156 ..-.
818 133 957 165 79...

221 230 348 265 natum
362 237 452 275 esse,
472 230 512 264 at
525 230 648 265 tamen
663 228 883 274 aliquamdiu
896 232 1075 266 moratum
1089 232 1127 266 et
1140 229 1271 266 studiis
1290 228 1453 265 deditum

221 288 334 324 fuisse
360 289 602 333 compluribus
627 290 805 335 Isagoges
831 289 920 325 locis
947 289 1092 325 collatis
1120 289 1157 325 in
1173 290 1365 334 propatulo
1384 293 1452 326 est.

220 347 334 383 Aliud
372 347 619 384 documentum
665 358 710 384 ex
748 347 952 394 fragmento
999 348 1258 384 mathematico
1296 348 1451 393 petitum

223 406 355 442 ceteris
390 407 536 450 addam3
573 407 706 443 etenim
737 407 798 443 ille
829 407 867 442 in
887 418 973 445 vvar.
1002 407 1081 443 coll.
1114 418 1192 452 cap.
1224 408 1323 445 XIV
1351 408 1449 454 (pag.

224 468 360 507 252,18
383 477 419 502 ss
451 467 529 513 ΗΠ)
564 466 719 502 maxime
754 466 788 501 ei
830 466 977 512 artifici,
1012 467 1073 511 qui
1107 467 1265 503 colossos
1301 466 1450 513 effingit,

221 524 406 571 praecipit,
437 529 479 561 ut
506 524 790 570 scenographiae
817 535 960 570 operam
986 529 1109 562 navet.
1162 525 1266 571 Quod
1293 526 1450 561 studium

221 583 393 629 imprimis
412 584 565 620 Rhodiis
584 584 682 620 cordi
710 587 800 630 erat,
828 584 993 628 quoniam
1021 585 1065 621 de
1090 585 1155 621 illa
1172 585 1292 620 insula
1310 584 1450 621 Plinius

221 642 259 678 in
283 647 359 679 nat.
386 643 472 679 hist.
500 644 522 678 1.
551 643 735 680 XXXIV
761 653 838 688 cap.
867 646 912 677 42
944 645 1036 679 haec
1071 644 1205 679 tradit:
1247 646 1352 683 „sunt
1386 643 1452 678 alii

222 706 365 739 centum
391 713 537 739 numero
564 702 602 738 in
625 702 751 738 eadem
775 703 863 739 urbe
881 702 971 748 (scil.
988 703 1124 751 Rhodi)
1148 702 1279 739 colossi
1296 701 1450 738 minores

220 763 287 798 hoc
308 763 400 809 (scil.
419 762 601 807 Apollinis
621 762 776 808 statua),
804 763 868 798 sed
890 763 1101 807 ubicumque
1120 763 1262 808 singula
1281 762 1450 806 fuissent,

220 821 450 858 nobilitaturi
480 822 596 858 locum
626 825 844 868 praeterque
877 823 942 858 hos
969 822 1114 858 deorum
1150 821 1324 867 quinque,
1362 831 1450 866 quos

220 881 309 917 iecit
334 879 527 926 Bryaxis“.

315 940 482 985 Denique
510 940 654 977 Gemini
679 951 807 976 nomen
833 941 990 977 occurrit
1015 941 1054 976 in
1071 941 1185 977 Arati
1210 941 1450 985 interpretum

219 1000 279 1044 qui
304 1000 423 1036 fertur
449 1001 618 1046 catalogo
646 1000 825 1036 codicibus
841 1000 1034 1038 Vaticanis
1059 1003 1217 1037 servato.
1262 1000 1335 1037 Sed
1352 999 1449 1037 vide-

219 1069 321 1094 amus
345 1059 494 1106 placita,
523 1071 615 1103 quae
640 1061 765 1095 Maass
791 1060 829 1094 in
854 1060 1007 1095 Arateis
1034 1060 1109 1095 suis
1135 1071 1217 1104 pag.
1241 1063 1308 1093 163
1329 1070 1346 1095 s
1372 1070 1449 1103 pro-

217 1118 353 1163 posuit:
386 1119 635 1160 „Perlustrato
663 1119 876 1164 scriptorum
912 1118 955 1155 de
992 1119 1092 1155 caelo
1126 1118 1250 1154 ordine
1275 1118 1330 1154 rei
1356 1125 1460 1154 sum-'

218 1189 312 1213 mam
338 1178 377 1214 in
403 1180 638 1214 stoicorum
671 1179 919 1223 frequentia
951 1180 1176 1223 deputamus.
1229 1179 1368 1215 Decem
1394 1190 1449 1214 ar-

219 1237 369 1274 cessivit
395 1238 532 1274 stoicos
550 1249 629 1274 cum
646 1238 724 1283 ipso
743 1238 954 1282 disciplinae
973 1238 1170 1283 conditore,
1199 1267 1205 1272 .
1228 1266 1235 1273 .
1257 1267 1263 1273 .
1285 1251 1293 1282 ;
1322 1240 1451 1273 contra

218 1297 370 1333 deesse
383 1301 552 1342 reputa..
568 1308 743 1333 .omnem
759 1298 1074 1342 astrologorum
1084 1297 1145 1342 qui
1158 1297 1304 1342 proprie
1316 1307 1448 1333 vocan-

217 1359 278 1391 tur
303 1356 547 1392 memoriam
573 1367 602 1392 e.
621 1367 653 1401 q.
674 1362 720 1392 s.“
766 1356 870 1392 Unde
889 1356 1123 1392 etiamsinon
1148 1356 1297 1391 multum
1326 1356 1449 1401 colligi

216 1419 350 1460 potest,
386 1420 511 1452 tamen
545 1416 664 1452 omnia
691 1415 835 1453 Gemini
866 1415 1010 1462 ingenio
1045 1416 1319 1452 accommodata
1353 1418 1446 1457 sunt,

217 1475 324 1519 quale
351 1486 461 1520 supra
486 1475 525 1511 in
552 1476 731 1520 capitibus
757 1476 799 1511 Π
825 1478 862 1510 et
886 1475 944 1513 IV
971 1475 1236 1520 descripsimus.

315 1773 396 1808 Iam
422 1772 633 1817 quaestione
667 1772 837 1807 absoluta
863 1772 954 1807 haec
987 1771 1126 1816 placita
1160 1784 1370 1817 proponam⁷
1406 1776 1446 1808 ut

216 1833 330 1869 totius
358 1832 628 1868 dissertationis
655 1842 826 1868 summam
853 1831 1091 1876 complectar:

317 1895 351 1935 1)
379 1891 524 1928 Gemini
533 1892 655 1927 studia
664 1891 925 1926 mathematica
935 1902 958 1926 a
968 1891 1165 1927 Posidonio
1176 1892 1341 1936 profecta
1352 1896 1444 1928 sunt.

315 1951 352 1997 2)
379 1952 529 1987 Duobus
554 1949 672 1986 titulis
706 1952 781 1993 περὶ
815 1951 874 1992 τῆς
908 1954 979 1983 τῶν
1003 1947 1229 1993 'uaflnudzcov
1255 1949 1382 1991 τάξεως
1408 1955 1445 1986 et

214 2007 234 2052 ἡ
258 2010 329 2043 τῶν
351 2010 568 2052 μαθημάτων
591 2012 720 2052 θεωρία
737 2009 886 2053 Pappus
904 2013 942 2044 et
962 2009 1138 2044 Eutocius
1156 2020 1262 2044 unum
1281 2010 1444 2053 idemque

215 2067 387 2112 scriptum
414 2067 547 2113 dicunt,
575 2068 667 2112 quod
693 2067 730 2102 in
757 2068 957 2111 complures
983 2068 1095 2103 libros
1123 2068 1276 2104 divisum
1302 2072 1392 2103 erat.

314 2129 348 2172 3)
374 2127 471 2163 Illud
497 2137 584 2171 opus
608 2130 689 2162 erat
706 2125 942 2162 scientiarum
960 2127 1300 2163 mathematicarum
1318 2138 1442 2163 cursus

214 2198 291 2224 com
315 2186 422 2223 letus.

291 2198 348 2292 I›4)
375 2245 581 2291 Compluria
608 2245 732 2292 capita
750 2244 935 2283 variarum
960 2245 1210 2282 collectionum
1230 2256 1274 2282 ex
1292 2256 1332 2282 eo
1350 2245 1442 2282 libro

213 2309 384 2353 excerpta
409 2310 504 2342 sunt.
