1721 2633
763 84 1006 115 -64—

266 188 390 214 munes
409 177 597 224 opiniones
611 176 700 214 nihil
719 187 932 224 supponere,
951 176 1041 214 nihil
1054 177 1212 225 credere,
1230 178 1321 215 nihil
1338 178 1502 225 probare,

264 238 335 274 nisi
354 238 448 282 quod
465 238 577 275 firmis
595 237 820 284 argumentis
840 238 1118 274 demonstretur.
1146 236 1286 274 Contra
1302 238 1502 284 Epicureos

265 296 425 333 ordinem
442 307 486 333 ac
499 296 796 343 compositionem
811 295 1092 333 mathematicae
1106 306 1213 341 quam
1228 297 1502 334 accuratissime

265 356 516 393 demonstrare
536 356 692 401 studuit3
720 356 850 392 deinde
869 355 1115 397 terminatum,
1140 355 1328 401 infinitum,
1352 356 1503 392 mixtum

265 415 312 451 ad
326 418 445 451 totam
465 415 690 462 geometriae
704 415 895 451 materiem
914 414 1072 451 attinere
1089 414 1126 450 in
1139 425 1212 450 una
1230 424 1372 459 quaque
1388 426 1429 451 re
1443 426 1503 451 ex-

266 474 416 519 pedivit.
460 476 651 511 Postremo
679 475 835 511 concedo
862 474 1054 512 Geminum
1080 474 1119 510 in
1145 473 1318 510 eiusmodi
1344 474 1504 518 quaesti-

265 534 393 570 onibus
434 534 593 571 fortasse
624 534 795 571 nonnulla
835 534 952 580 ipsum
982 533 1186 575 invenisse,
1233 533 1305 569 alia
1348 533 1503 580 auxisse,

263 594 381 630 multa
415 605 481 630 sua
506 594 647 630 ratione
680 594 943 638 comprobasse.
996 593 1067 630 Sed
1094 594 1211 629 haene
1245 595 1329 629 sunt
1356 603 1502 637 causae,

265 653 308 688 de
328 653 456 697 quibus
479 653 706 698 praeclarum
725 652 1033 697 mathematicum,
1060 652 1202 696 qualem
1226 662 1291 687 nos
1309 652 1376 687 1100
1393 652 1503 688 verbo

265 711 472 758 significare
504 712 675 753 solemus,
708 722 789 748 eum
820 711 932 748 fuisse
958 710 1152 757 putemus?
1204 710 1414 756 Philosophi
1439 710 1504 746 illa

264 771 387 806 studia
418 773 514 816 sunt,
546 771 606 815 qui
638 771 681 806 de
713 771 871 806 materia
903 771 1047 806 aliunde
1079 770 1207 806 oblata
1233 770 1407 816 disputet,
1433 780 1505 805 non

263 833 349 866 sunt
375 830 640 866 mathematici.

363 890 419 926 At
452 889 587 926 dixerit
614 889 692 934 quis
720 889 936 935 scriptores,
974 889 1034 934 qui
1061 888 1253 927 Geminum
1289 889 1416 925 ducem
1448 898 1502 924 se-

266 951 440 993 quuntur,
473 948 579 984 huius
606 948 823 983 auctoritati
848 948 1039 992 plurimum
1070 948 1258 990 tribuisse,
1291 950 1419 992 utpote
1445 946 1506 991 qui

266 1007 344 1043 eius
371 1006 575 1043 sententias
603 1017 712 1052 saepe
739 1006 862 1043 verbis
889 1005 1017 1050 ὀρθῶς,
1036 1010 1151 1048 καλῶς
1169 1006 1261 1053 (scil.
1280 1008 1381 1051 λέγει)
1408 1006 1503 1042 simi-

263 1066 358 1102 libus
384 1066 658 1110 praedicarent!
704 1066 802 1102 Sane
829 1065 990 1110 quidem!
1036 1066 1110 1102 Sed
1136 1065 1308 1110 quidnam
1334 1065 1505 1101 exhibent

263 1124 300 1160 hi
330 1123 425 1161 loci?
477 1125 694 1169 Plerumque
730 1124 814 1169 quid
849 1124 988 1169 priores
1024 1124 1276 1161 mathematici
1310 1123 1502 1168 senserint,

265 1188 439 1221 accurate
478 1184 645 1221 refertur.
704 1184 906 1222 Videamus
947 1185 1128 1230 exempla!
1190 1184 1365 1221 Geminus
1402 1187 1505 1220 recte

265 1243 415 1290 (ὀρθῶςῑ
443 1243 488 1279 cf.
517 1255 599 1289 pag.
632 1245 779 1289 183,14)
808 1244 1021 1280 observavit
1049 1245 1095 1280 ab
1123 1244 1205 1280 aliis
1232 1242 1504 1280 mathematicis

263 1303 310 1338 ad
328 1303 517 1348 postulata
537 1303 739 1349 superfluas
759 1303 1105 1349 demonstrationes,
1124 1314 1215 1348 quas
1230 1303 1299 1339 sibi
1311 1303 1503 1348 finxerunt,

263 1362 430 1397 adiectas
458 1373 553 1402 esse,
592 1363 638 1397 ab
666 1361 750 1397 aliis
777 1362 1129 1407 demonstrationes,
1163 1362 1292 1406 quibus
1319 1373 1407 1407 opus
1434 1364 1502 1406 est,

263 1420 357 1456 falso
376 1421 567 1467 neglectas
587 1431 676 1456 esse.
718 1421 835 1457 Porro
855 1421 1010 1458 Eutocio
1038 1421 1180 1466 quidem
1200 1424 1348 1458 auctore
1366 1420 1503 1457 stoicus

261 1481 353 1517 bene
389 1482 531 1525 (καλῶςῖ
572 1480 616 1515 cf.
650 1480 811 1516 Arehim.
845 1484 931 1516 tom.
964 1482 1028 1517 III
1059 1493 1143 1526 pag.
1173 1484 1242 1516 308
1270 1482 1395 1524 Heib.)
1430 1491 1502 1516 me-

261 1540 398 1576 moriae
425 1539 585 1584 prodidit
611 1539 657 1574 ab
683 1539 905 1575 Archimede
932 1540 1051 1576 omnia
1081 1540 1259 1585 principia
1284 1539 1428 1592 nomine
1454 1541 1503 1573 αἰ-

262 1599 395 1642 τήματα
424 1598 634 1643 significata
662 1608 743 1634 esse
762 1601 873 1643 atque
893 1599 965 1634 alio
984 1599 1061 1635 loco
1080 1599 1209 1646 vere*)
1236 1599 1388 1635 tradidit
1407 1598 1502 1634 coni-

264 1667 385 1693 corum
414 1657 571 1693 studium
600 1658 646 1693 ab
664 1657 859 1703 Apollonio
884 1669 1102 1704 magnopere
1125 1658 1384 1703 amplificatum
1410 1667 1502 1694 esse.

261 1716 382 1763 Quid?
421 1717 516 1761 quod
541 1717 692 1762 Pappus
720 1728 877 1762 quoque,
915 1722 1043 1754 auctor
1074 1718 1155 1754 sani
1185 1718 1323 1763 iudicii,
1358 1716 1501 1755 Gemini

260 1776 472 1811 testimonio
500 1786 585 1821 pag.
608 1779 711 1819 1026,
728 1782 745 1809 5
768 1787 805 1812 ss
823 1777 888 1812 Hu
915 1777 1165 1821 adstipulatus
1192 1779 1259 1818 est,
1288 1775 1348 1820 qui
1373 1778 1503 1810 contra

262 1834 484 1883 Carpum**)
519 1835 768 1872 mechanicum
803 1836 1109 1881 pronuntiaverat
1139 1835 1396 1873 Archimedem
1431 1845 1502 1870 non

260 1905 365 1931 unum
394 1895 543 1940 librum,
571 1896 631 1939 qui
659 1900 741 1931 erat
768 1896 812 1931 de
840 1896 1018 1940 sphaerae
1046 1896 1332 1939 constructione,
1361 1905 1501 1939 compo-

262 1954 388 1996 suisse,
417 1954 482 1991 sed
509 1954 584 1990 alia
611 1965 751 1999 quoque
779 1954 886 1991 huius
913 1954 1060 2001 generis
1087 1955 1333 2000 descripsisse.

362 2014 434 2050 Sed
461 2014 553 2050 satis
581 2014 707 2050 multis
734 2015 907 2060 exemplis
940 2015 1220 2060 illustravimus,
1258 2024 1503 2058 quaecumque

379 2112 408 2148 *)
429 2111 523 2141 verba
540 2115 614 2141 sunt
637 2111 709 2150 ὅπερ
723 2114 808 2149 φησὶν
829 2112 845 2140 ὁ
861 2114 995 2149 Γεμῖνος,
1017 2111 1129 2148 ἀληθές
1150 2113 1229 2140 ἐστιν
1243 2113 1279 2143 cf.
1296 2112 1394 2149 Apoll.
1410 2111 1502 2148 Perg.

260 2170 324 2192 con.
347 2164 420 2191 tom.
443 2161 475 2191 11
496 2171 566 2200 pag.
592 2162 697 2197 168,1τ
719 2162 806 2193 Heib.

359 2210 407 2249 **)
429 2210 546 2249 Carpus
566 2214 679 2242 antene
701 2220 739 2241 an
761 2215 831 2250 post
846 2211 1005 2243 Geminum
1027 2211 1175 2250 floruerit,
1196 2211 1246 2242 hie
1265 2211 1341 2242 nihil
1356 2211 1503 2257 interest3

259 2261 331 2294 vide
353 2261 586 2292 adnotationem
607 2271 679 2301 pag.
702 2263 748 2293 28.
