<?xml version="1.0" encoding="UTF-8"?>
<!DOCTYPE html PUBLIC "-//W3C//DTD XHTML 1.0 Transitional//EN"
    "http://www.w3.org/TR/xhtml1/DTD/xhtml1-transitional.dtd">
<html xmlns="http://www.w3.org/1999/xhtml" xml:lang="en" lang="en">
 <head>
  <title>
</title>
<meta http-equiv="Content-Type" content="text/html;charset=utf-8" />
  <meta name='ocr-system' content='tesseract 3.04.00' />
  <meta name='ocr-capabilities' content='ocr_page ocr_carea ocr_par ocr_line ocrx_word'/>
</head>
<body>
  <div class='ocr_page' id='page_1' title='image "4771752_0025.png"; bbox 0 0 1721 2633; ppageno 0'>
   <div class='ocr_carea' id='block_1_1' title="bbox 738 128 978 160">
    <p class='ocr_par' dir='ltr' id='par_1_1' title="bbox 738 128 978 160">
     <span class='ocr_line' id='line_1_1' title="bbox 738 128 978 160; baseline -0.004 -6"><span class='ocrx_word' id='word_1_1' title='bbox 738 128 978 160; x_wconf 78' lang='lat'>-19—</span> 
     </span>
    </p>
   </div>
   <div class='ocr_carea' id='block_1_2' title="bbox 213 217 1481 2285">
    <p class='ocr_par' dir='ltr' id='par_1_2' title="bbox 213 217 1481 1041">
     <span class='ocr_line' id='line_1_2' title="bbox 213 217 1478 273; baseline -0.001 -9"><span class='ocrx_word' id='word_1_2' title='bbox 213 217 215 219; x_wconf 35' lang='lat'>¹</span> <span class='ocrx_word' id='word_1_3' title='bbox 247 227 294 264; x_wconf 90' lang='lat' dir='ltr'>ad</span> <span class='ocrx_word' id='word_1_4' title='bbox 310 237 394 272; x_wconf 89' lang='lat' dir='ltr'>pag.</span> <span class='ocrx_word' id='word_1_5' title='bbox 413 230 542 273; x_wconf 86' lang='lat'>107,10</span> <span class='ocrx_word' id='word_1_6' title='bbox 561 225 812 272; x_wconf 84' lang='lat' dir='ltr'>expediuntur,</span> <span class='ocrx_word' id='word_1_7' title='bbox 839 226 895 263; x_wconf 90' lang='lat' dir='ltr'>ita</span> <span class='ocrx_word' id='word_1_8' title='bbox 913 228 997 263; x_wconf 89' lang='lat' dir='ltr'>sunt</span> <span class='ocrx_word' id='word_1_9' title='bbox 1015 228 1236 272; x_wconf 87' lang='lat' dir='ltr'>comparata,</span> <span class='ocrx_word' id='word_1_10' title='bbox 1262 229 1303 263; x_wconf 91' lang='lat' dir='ltr'>ut</span> <span class='ocrx_word' id='word_1_11' title='bbox 1325 225 1478 264; x_wconf 83' lang='lat' dir='ltr'>Gemino</span> 
     </span>
     <span class='ocr_line' id='line_1_3' title="bbox 246 285 1480 331; baseline 0 -10"><span class='ocrx_word' id='word_1_12' title='bbox 246 285 420 331; x_wconf 88' lang='lat' dir='ltr'>denegari</span> <span class='ocrx_word' id='word_1_13' title='bbox 444 296 515 321; x_wconf 93' lang='lat' dir='ltr'>non</span> <span class='ocrx_word' id='word_1_14' title='bbox 531 287 683 330; x_wconf 77' lang='lat' dir='ltr'><strong>possint.</strong></span> <span class='ocrx_word' id='word_1_15' title='bbox 728 286 819 322; x_wconf 83' lang='lat' dir='ltr'>Cum</span> <span class='ocrx_word' id='word_1_16' title='bbox 845 286 940 321; x_wconf 91' lang='lat' dir='ltr'>enim</span> <span class='ocrx_word' id='word_1_17' title='bbox 965 286 1218 321; x_wconf 78' lang='lat' dir='ltr'><strong>mathematici</strong></span> <span class='ocrx_word' id='word_1_18' title='bbox 1235 286 1369 322; x_wconf 81' lang='lat' dir='ltr'>formas</span> <span class='ocrx_word' id='word_1_19' title='bbox 1396 296 1480 331; x_wconf 92' lang='lat' dir='ltr'>geo-</span> 
     </span>
     <span class='ocr_line' id='line_1_4' title="bbox 245 344 1479 392; baseline -0.001 -12"><span class='ocrx_word' id='word_1_20' title='bbox 245 344 418 382; x_wconf 85' lang='lat' dir='ltr'>metricas</span> <span class='ocrx_word' id='word_1_21' title='bbox 459 344 671 382; x_wconf 91' lang='lat' dir='ltr'>definientes</span> <span class='ocrx_word' id='word_1_22' title='bbox 712 345 815 381; x_wconf 91' lang='lat' dir='ltr'>modo</span> <span class='ocrx_word' id='word_1_23' title='bbox 857 345 1132 390; x_wconf 80' lang='lat' dir='ltr'>generationem</span> <span class='ocrx_word' id='word_1_24' title='bbox 1167 344 1336 392; x_wconf 81' lang='grc' dir='ltr'><em>(γένεσις),</em></span> <span class='ocrx_word' id='word_1_25' title='bbox 1376 344 1479 380; x_wconf 88' lang='grc' dir='ltr'><strong>1110ᾶο</strong></span> 
     </span>
     <span class='ocr_line' id='line_1_5' title="bbox 247 403 1479 451; baseline 0.001 -12"><span class='ocrx_word' id='word_1_26' title='bbox 247 404 485 449; x_wconf 82' lang='lat' dir='ltr'>principalem</span> <span class='ocrx_word' id='word_1_27' title='bbox 512 406 772 450; x_wconf 80' lang='lat' dir='ltr'>proprietatem</span> <span class='ocrx_word' id='word_1_28' title='bbox 801 405 1032 451; x_wconf 79' lang='lat' dir='ltr'>spectabant,</span> <span class='ocrx_word' id='word_1_29' title='bbox 1058 415 1165 449; x_wconf 89' lang='lat' dir='ltr'>quam</span> <span class='ocrx_word' id='word_1_30' title='bbox 1193 403 1327 441; x_wconf 85' lang='lat' dir='ltr'>Graeci</span> <span class='ocrx_word' id='word_1_31' title='bbox 1352 405 1479 450; x_wconf 89' lang='lat' dir='ltr'>Pappo</span> 
     </span>
     <span class='ocr_line' id='line_1_6' title="bbox 247 455 1479 510; baseline 0.002 -13"><span class='ocrx_word' id='word_1_32' title='bbox 247 465 395 499; x_wconf 77' lang='lat' dir='ltr'>auctore</span> <span class='ocrx_word' id='word_1_33' title='bbox 445 455 544 510; x_wconf 70' lang='lat' dir='ltr'>(pag.</span> <span class='ocrx_word' id='word_1_34' title='bbox 587 467 666 509; x_wconf 84' lang='lat'>234,</span> <span class='ocrx_word' id='word_1_35' title='bbox 693 468 728 496; x_wconf 88' lang='grc'>19</span> <span class='ocrx_word' id='word_1_36' title='bbox 769 463 858 507; x_wconf 84' lang='lat' dir='ltr'>Hu.)</span> <span class='ocrx_word' id='word_1_37' title='bbox 907 463 1098 504; x_wconf 83' lang='grc' dir='ltr'><em>σύμπτωμα</em></span> <span class='ocrx_word' id='word_1_38' title='bbox 1146 461 1289 506; x_wconf 81' lang='grc' dir='ltr'><em>ἀρχικὸν</em></span> <span class='ocrx_word' id='word_1_39' title='bbox 1335 466 1479 509; x_wconf 82' lang='lat' dir='ltr'>vocant,</span> 
     </span>
     <span class='ocr_line' id='line_1_7' title="bbox 248 521 1480 568; baseline -0.001 -10"><span class='ocrx_word' id='word_1_40' title='bbox 248 521 424 558; x_wconf 82' lang='lat' dir='ltr'>Geminus</span> <span class='ocrx_word' id='word_1_41' title='bbox 451 523 488 558; x_wconf 92' lang='lat' dir='ltr'>in</span> <span class='ocrx_word' id='word_1_42' title='bbox 514 522 679 558; x_wconf 93' lang='lat' dir='ltr'>omnibus</span> <span class='ocrx_word' id='word_1_43' title='bbox 704 521 828 557; x_wconf 87' lang='lat' dir='ltr'>formis</span> <span class='ocrx_word' id='word_1_44' title='bbox 849 521 1059 558; x_wconf 86' lang='lat' dir='ltr'>definiendis</span> <span class='ocrx_word' id='word_1_45' title='bbox 1085 521 1175 558; x_wconf 89' lang='grc'><strong>1111111</strong></span> <span class='ocrx_word' id='word_1_46' title='bbox 1202 521 1299 557; x_wconf 91' lang='lat' dir='ltr'>aliud</span> <span class='ocrx_word' id='word_1_47' title='bbox 1325 522 1395 558; x_wconf 91' lang='lat' dir='ltr'>nisi</span> <span class='ocrx_word' id='word_1_48' title='bbox 1421 533 1480 568; x_wconf 91' lang='lat' dir='ltr'>ge-</span> 
     </span>
     <span class='ocr_line' id='line_1_8' title="bbox 245 580 1480 626; baseline 0 -9"><span class='ocrx_word' id='word_1_49' title='bbox 245 581 471 617; x_wconf 88' lang='lat' dir='ltr'>nerationem</span> <span class='ocrx_word' id='word_1_50' title='bbox 508 580 785 626; x_wconf 84' lang='lat' dir='ltr'>diligentissime</span> <span class='ocrx_word' id='word_1_51' title='bbox 817 581 1013 617; x_wconf 90' lang='lat' dir='ltr'>observare</span> <span class='ocrx_word' id='word_1_52' title='bbox 1048 580 1175 616; x_wconf 89' lang='lat' dir='ltr'>solitus</span> <span class='ocrx_word' id='word_1_53' title='bbox 1209 584 1282 626; x_wconf 89' lang='lat' dir='ltr'>est,</span> <span class='ocrx_word' id='word_1_54' title='bbox 1318 580 1354 616; x_wconf 92' lang='lat' dir='ltr'>id</span> <span class='ocrx_word' id='word_1_55' title='bbox 1387 581 1480 625; x_wconf 88' lang='lat' dir='ltr'>quod</span> 
     </span>
     <span class='ocr_line' id='line_1_9' title="bbox 246 639 1478 686; baseline -0.002 -10"><span class='ocrx_word' id='word_1_56' title='bbox 246 651 380 686; x_wconf 89' lang='lat' dir='ltr'>magna</span> <span class='ocrx_word' id='word_1_57' title='bbox 419 641 577 676; x_wconf 87' lang='lat' dir='ltr'>locorum</span> <span class='ocrx_word' id='word_1_58' title='bbox 623 640 726 685; x_wconf 90' lang='lat' dir='ltr'>copia</span> <span class='ocrx_word' id='word_1_59' title='bbox 766 639 908 676; x_wconf 89' lang='lat' dir='ltr'>ostendi</span> <span class='ocrx_word' id='word_1_60' title='bbox 947 642 1086 685; x_wconf 85' lang='lat' dir='ltr'>potest3</span> <span class='ocrx_word' id='word_1_61' title='bbox 1127 640 1171 676; x_wconf 87' lang='lat' dir='ltr'>cf.</span> <span class='ocrx_word' id='word_1_62' title='bbox 1214 650 1322 686; x_wconf 86' lang='lat' dir='ltr'>pagg.</span> <span class='ocrx_word' id='word_1_63' title='bbox 1358 643 1478 686; x_wconf 83' lang='lat'>57‚13;</span> 
     </span>
     <span class='ocr_line' id='line_1_10' title="bbox 251 699 1481 746; baseline 0.001 -13"><span class='ocrx_word' id='word_1_64' title='bbox 251 703 355 745; x_wconf 89' lang='lat'>104‚1</span> <span class='ocrx_word' id='word_1_65' title='bbox 373 710 406 746; x_wconf 79' lang='lat' dir='ltr'>s3</span> <span class='ocrx_word' id='word_1_66' title='bbox 428 702 738 744; x_wconf 79' lang='lat'>105,4,20‚23‚25;</span> <span class='ocrx_word' id='word_1_67' title='bbox 762 703 960 744; x_wconf 86' lang='lat'>106,1-19;</span> <span class='ocrx_word' id='word_1_68' title='bbox 984 703 1201 744; x_wconf 83' lang='lat' dir='ltr'>111‚17—2o;</span> <span class='ocrx_word' id='word_1_69' title='bbox 1225 703 1302 743; x_wconf 85' lang='grc'><strong>113,</strong></span> <span class='ocrx_word' id='word_1_70' title='bbox 1314 704 1343 733; x_wconf 83' lang='grc'>4.</span> <span class='ocrx_word' id='word_1_71' title='bbox 1367 699 1481 734; x_wconf 87' lang='lat' dir='ltr'>Plura</span> 
     </span>
     <span class='ocr_line' id='line_1_11' title="bbox 251 757 1480 803; baseline -0.001 -9"><span class='ocrx_word' id='word_1_72' title='bbox 251 758 282 794; x_wconf 91' lang='lat' dir='ltr'>si</span> <span class='ocrx_word' id='word_1_73' title='bbox 301 758 380 803; x_wconf 90' lang='lat' dir='ltr'>quis</span> <span class='ocrx_word' id='word_1_74' title='bbox 406 757 581 802; x_wconf 80' lang='lat' dir='ltr'>requirat,</span> <span class='ocrx_word' id='word_1_75' title='bbox 609 757 687 802; x_wconf 92' lang='lat' dir='ltr'>ipse</span> <span class='ocrx_word' id='word_1_76' title='bbox 705 768 766 793; x_wconf 92' lang='lat' dir='ltr'>eos</span> <span class='ocrx_word' id='word_1_77' title='bbox 792 758 890 794; x_wconf 91' lang='lat' dir='ltr'>locos</span> <span class='ocrx_word' id='word_1_78' title='bbox 917 757 1111 803; x_wconf 86' lang='lat' dir='ltr'>examinet,</span> <span class='ocrx_word' id='word_1_79' title='bbox 1137 768 1225 802; x_wconf 90' lang='lat' dir='ltr'>quos</span> <span class='ocrx_word' id='word_1_80' title='bbox 1243 757 1339 793; x_wconf 83' lang='lat' dir='ltr'>infra</span> <span class='ocrx_word' id='word_1_81' title='bbox 1366 757 1480 793; x_wconf 89' lang='lat' dir='ltr'>eidem</span> 
     </span>
     <span class='ocr_line' id='line_1_12' title="bbox 248 818 1479 864; baseline 0 -10"><span class='ocrx_word' id='word_1_82' title='bbox 248 818 417 863; x_wconf 82' lang='lat' dir='ltr'>scriptori</span> <span class='ocrx_word' id='word_1_83' title='bbox 452 818 621 854; x_wconf 88' lang='lat' dir='ltr'>tribuam.</span> <span class='ocrx_word' id='word_1_84' title='bbox 683 818 763 864; x_wconf 76' lang='lat' dir='ltr'>Qua</span> <span class='ocrx_word' id='word_1_85' title='bbox 803 818 1063 854; x_wconf 86' lang='lat' dir='ltr'>consuetudine</span> <span class='ocrx_word' id='word_1_86' title='bbox 1101 828 1281 863; x_wconf 87' lang='lat' dir='ltr'>perpensa</span> <span class='ocrx_word' id='word_1_87' title='bbox 1315 818 1479 863; x_wconf 85' lang='lat' dir='ltr'>equidem</span> 
     </span>
     <span class='ocr_line' id='line_1_13' title="bbox 247 877 1479 924; baseline 0.001 -11"><span class='ocrx_word' id='word_1_88' title='bbox 247 878 365 914; x_wconf 93' lang='lat' dir='ltr'>nullus</span> <span class='ocrx_word' id='word_1_89' title='bbox 392 877 529 922; x_wconf 81' lang='lat' dir='ltr'>dubito,</span> <span class='ocrx_word' id='word_1_90' title='bbox 562 877 646 922; x_wconf 89' lang='lat' dir='ltr'>quin</span> <span class='ocrx_word' id='word_1_91' title='bbox 673 888 727 923; x_wconf 86' lang='lat' dir='ltr'>ea,</span> <span class='ocrx_word' id='word_1_92' title='bbox 754 888 846 922; x_wconf 87' lang='lat' dir='ltr'>quae</span> <span class='ocrx_word' id='word_1_93' title='bbox 872 888 981 924; x_wconf 86' lang='lat' dir='ltr'>pagg.</span> <span class='ocrx_word' id='word_1_94' title='bbox 1005 880 1083 923; x_wconf 85' lang='lat'>106,</span> <span class='ocrx_word' id='word_1_95' title='bbox 1098 881 1267 923; x_wconf 83' lang='lat'>20-107‚</span> <span class='ocrx_word' id='word_1_96' title='bbox 1282 881 1316 911; x_wconf 86' lang='lat'>10</span> <span class='ocrx_word' id='word_1_97' title='bbox 1343 878 1387 914; x_wconf 94' lang='lat' dir='ltr'>de</span> <span class='ocrx_word' id='word_1_98' title='bbox 1414 877 1479 913; x_wconf 87' lang='lat' dir='ltr'>cir-</span> 
     </span>
     <span class='ocr_line' id='line_1_14' title="bbox 248 936 1480 982; baseline 0.001 -10"><span class='ocrx_word' id='word_1_99' title='bbox 248 937 327 972; x_wconf 90' lang='lat' dir='ltr'>culo</span> <span class='ocrx_word' id='word_1_100' title='bbox 366 940 540 981; x_wconf 84' lang='lat' dir='ltr'>rectaque</span> <span class='ocrx_word' id='word_1_101' title='bbox 583 936 821 981; x_wconf 83' lang='lat' dir='ltr'>explicantur,</span> <span class='ocrx_word' id='word_1_102' title='bbox 858 938 904 972; x_wconf 89' lang='lat' dir='ltr'>ab</span> <span class='ocrx_word' id='word_1_103' title='bbox 937 947 978 972; x_wconf 91' lang='lat' dir='ltr'>eo</span> <span class='ocrx_word' id='word_1_104' title='bbox 1011 937 1224 982; x_wconf 89' lang='lat' dir='ltr'>deprompta</span> <span class='ocrx_word' id='word_1_105' title='bbox 1259 937 1349 978; x_wconf 87' lang='lat' dir='ltr'>sint,</span> <span class='ocrx_word' id='word_1_106' title='bbox 1387 938 1480 981; x_wconf 88' lang='lat' dir='ltr'>quod</span> 
     </span>
     <span class='ocr_line' id='line_1_15' title="bbox 248 995 1309 1041; baseline 0 -10"><span class='ocrx_word' id='word_1_107' title='bbox 248 1000 285 1031; x_wconf 88' lang='lat' dir='ltr'>et</span> <span class='ocrx_word' id='word_1_108' title='bbox 311 996 526 1041; x_wconf 84' lang='lat' dir='ltr'>simplicitas</span> <span class='ocrx_word' id='word_1_109' title='bbox 553 998 590 1031; x_wconf 92' lang='lat' dir='ltr'>et</span> <span class='ocrx_word' id='word_1_110' title='bbox 618 996 808 1041; x_wconf 91' lang='lat' dir='ltr'>generatio</span> <span class='ocrx_word' id='word_1_111' title='bbox 835 1006 942 1040; x_wconf 88' lang='lat' dir='ltr'>quam</span> <span class='ocrx_word' id='word_1_112' title='bbox 968 995 1122 1032; x_wconf 84' lang='lat' dir='ltr'>maxime</span> <span class='ocrx_word' id='word_1_113' title='bbox 1148 998 1309 1041; x_wconf 89' lang='lat' dir='ltr'>urgetur.</span> 
     </span>
    </p>

    <p class='ocr_par' dir='ltr' id='par_1_3' title="bbox 246 1054 1479 1574">
     <span class='ocr_line' id='line_1_16' title="bbox 344 1054 1478 1099; baseline 0 -9"><span class='ocrx_word' id='word_1_114' title='bbox 344 1056 536 1091; x_wconf 89' lang='lat' dir='ltr'>Postremo</span> <span class='ocrx_word' id='word_1_115' title='bbox 575 1055 680 1090; x_wconf 88' lang='lat' dir='ltr'>binas</span> <span class='ocrx_word' id='word_1_116' title='bbox 720 1055 837 1090; x_wconf 88' lang='lat' dir='ltr'>lineas</span> <span class='ocrx_word' id='word_1_117' title='bbox 871 1054 949 1091; x_wconf 89' lang='lat' dir='ltr'>sive</span> <span class='ocrx_word' id='word_1_118' title='bbox 988 1055 1152 1091; x_wconf 86' lang='lat' dir='ltr'>diversas</span> <span class='ocrx_word' id='word_1_119' title='bbox 1188 1054 1265 1091; x_wconf 83' lang='lat' dir='ltr'>sive</span> <span class='ocrx_word' id='word_1_120' title='bbox 1305 1055 1478 1099; x_wconf 85' lang='lat' dir='ltr'>aequales</span> 
     </span>
     <span class='ocr_line' id='line_1_17' title="bbox 246 1112 1479 1159; baseline -0.001 -9"><span class='ocrx_word' id='word_1_121' title='bbox 246 1114 348 1150; x_wconf 87' lang='lat' dir='ltr'>iuxta</span> <span class='ocrx_word' id='word_1_122' title='bbox 387 1114 527 1159; x_wconf 89' lang='lat' dir='ltr'>positas</span> <span class='ocrx_word' id='word_1_123' title='bbox 565 1125 673 1159; x_wconf 89' lang='lat' dir='ltr'>pagg.</span> <span class='ocrx_word' id='word_1_124' title='bbox 713 1117 791 1157; x_wconf 86' lang='lat'>176,</span> <span class='ocrx_word' id='word_1_125' title='bbox 805 1116 975 1158; x_wconf 85' lang='lat'>18-177,</span> <span class='ocrx_word' id='word_1_126' title='bbox 988 1118 1025 1146; x_wconf 83' lang='lat'>23</span> <span class='ocrx_word' id='word_1_127' title='bbox 1069 1112 1257 1149; x_wconf 84' lang='lat' dir='ltr'>examinat</span> <span class='ocrx_word' id='word_1_128' title='bbox 1296 1116 1407 1158; x_wconf 88' lang='lat' dir='ltr'>atque</span> <span class='ocrx_word' id='word_1_129' title='bbox 1441 1114 1479 1149; x_wconf 94' lang='lat' dir='ltr'>in</span> 
     </span>
     <span class='ocr_line' id='line_1_18' title="bbox 248 1172 1478 1219; baseline -0.001 -10"><span class='ocrx_word' id='word_1_130' title='bbox 248 1173 388 1219; x_wconf 86' lang='lat' dir='ltr'>species</span> <span class='ocrx_word' id='word_1_131' title='bbox 422 1172 571 1218; x_wconf 85' lang='lat' dir='ltr'>digerit,</span> <span class='ocrx_word' id='word_1_132' title='bbox 612 1183 716 1217; x_wconf 91' lang='lat' dir='ltr'>quem</span> <span class='ocrx_word' id='word_1_133' title='bbox 753 1173 868 1208; x_wconf 92' lang='lat' dir='ltr'>locum</span> <span class='ocrx_word' id='word_1_134' title='bbox 904 1182 923 1208; x_wconf 92' lang='lat' dir='ltr'>e</span> <span class='ocrx_word' id='word_1_135' title='bbox 959 1172 1104 1209; x_wconf 82' lang='lat' dir='ltr'>Gemini</span> <span class='ocrx_word' id='word_1_136' title='bbox 1143 1172 1233 1208; x_wconf 89' lang='lat' dir='ltr'>libro</span> <span class='ocrx_word' id='word_1_137' title='bbox 1268 1175 1478 1217; x_wconf 88' lang='lat' dir='ltr'>excerptum</span> 
     </span>
     <span class='ocr_line' id='line_1_19' title="bbox 247 1231 1477 1276; baseline -0.002 -8"><span class='ocrx_word' id='word_1_138' title='bbox 247 1243 327 1268; x_wconf 82' lang='lat' dir='ltr'>esse</span> <span class='ocrx_word' id='word_1_139' title='bbox 359 1231 539 1276; x_wconf 81' lang='lat' dir='ltr'>expressis</span> <span class='ocrx_word' id='word_1_140' title='bbox 571 1231 692 1267; x_wconf 81' lang='lat' dir='ltr'>verbis</span> <span class='ocrx_word' id='word_1_141' title='bbox 724 1233 877 1265; x_wconf 83' lang='grc' dir='ltr'><em>τοσαῦτα</em></span> <span class='ocrx_word' id='word_1_142' title='bbox 902 1234 957 1265; x_wconf 82' lang='grc' dir='ltr'>καὶ</span> <span class='ocrx_word' id='word_1_143' title='bbox 983 1231 1051 1265; x_wconf 83' lang='grc' dir='ltr'>ἀπὸ</span> <span class='ocrx_word' id='word_1_144' title='bbox 1078 1232 1136 1274; x_wconf 85' lang='grc' dir='ltr'>τῆς</span> <span class='ocrx_word' id='word_1_145' title='bbox 1163 1234 1311 1271; x_wconf 83' lang='grc' dir='ltr'><em>Γεμίνου</em></span> <span class='ocrx_word' id='word_1_146' title='bbox 1336 1235 1477 1273; x_wconf 85' lang='grc' dir='ltr'><em>φιλοκα-</em></span> 
     </span>
     <span class='ocr_line' id='line_1_20' title="bbox 246 1289 1477 1337; baseline 0.001 -12"><span class='ocrx_word' id='word_1_147' title='bbox 246 1294 320 1332; x_wconf 79' lang='grc' dir='ltr'><strong><em>λίας</em></strong></span> <span class='ocrx_word' id='word_1_148' title='bbox 357 1293 403 1332; x_wconf 81' lang='grc' dir='ltr'>εἰς</span> <span class='ocrx_word' id='word_1_149' title='bbox 440 1289 502 1334; x_wconf 82' lang='grc' dir='ltr'>τὴν</span> <span class='ocrx_word' id='word_1_150' title='bbox 540 1292 611 1325; x_wconf 82' lang='grc' dir='ltr'>τῶν</span> <span class='ocrx_word' id='word_1_151' title='bbox 652 1292 888 1334; x_wconf 77' lang='grc' dir='ltr'><em>προκειμένων</em></span> <span class='ocrx_word' id='word_1_152' title='bbox 926 1290 1082 1334; x_wconf 79' lang='grc' dir='ltr'><em>ἐξήγησιν</em></span> <span class='ocrx_word' id='word_1_153' title='bbox 1124 1289 1354 1333; x_wconf 75' lang='grc' dir='ltr'><em>ἀνελεξάμεθα</em></span> <span class='ocrx_word' id='word_1_154' title='bbox 1395 1302 1477 1337; x_wconf 83' lang='lat' dir='ltr'>pag.</span> 
     </span>
     <span class='ocr_line' id='line_1_21' title="bbox 250 1350 1478 1396; baseline 0.001 -11"><span class='ocrx_word' id='word_1_155' title='bbox 250 1354 379 1396; x_wconf 83' lang='lat'>177‚24</span> <span class='ocrx_word' id='word_1_156' title='bbox 397 1361 414 1386; x_wconf 94' lang='lat' dir='ltr'>s</span> <span class='ocrx_word' id='word_1_157' title='bbox 440 1350 637 1386; x_wconf 88' lang='lat' dir='ltr'>manifesto</span> <span class='ocrx_word' id='word_1_158' title='bbox 664 1350 863 1386; x_wconf 83' lang='lat' dir='ltr'>evincatur.</span> <span class='ocrx_word' id='word_1_159' title='bbox 908 1351 1035 1394; x_wconf 89' lang='lat' dir='ltr'>Neque</span> <span class='ocrx_word' id='word_1_160' title='bbox 1061 1360 1147 1386; x_wconf 86' lang='lat' dir='ltr'>vero</span> <span class='ocrx_word' id='word_1_161' title='bbox 1173 1350 1264 1385; x_wconf 86' lang='lat' dir='ltr'>haec</span> <span class='ocrx_word' id='word_1_162' title='bbox 1287 1350 1407 1386; x_wconf 88' lang='lat' dir='ltr'>omnia</span> <span class='ocrx_word' id='word_1_163' title='bbox 1432 1361 1478 1386; x_wconf 85' lang='lat' dir='ltr'>ex</span> 
     </span>
     <span class='ocr_line' id='line_1_22' title="bbox 248 1409 1479 1455; baseline -0.002 -9"><span class='ocrx_word' id='word_1_164' title='bbox 248 1410 373 1447; x_wconf 86' lang='lat' dir='ltr'>eadem</span> <span class='ocrx_word' id='word_1_165' title='bbox 400 1410 485 1445; x_wconf 91' lang='lat' dir='ltr'>libri</span> <span class='ocrx_word' id='word_1_166' title='bbox 510 1412 615 1454; x_wconf 89' lang='lat' dir='ltr'>parte</span> <span class='ocrx_word' id='word_1_167' title='bbox 642 1410 760 1446; x_wconf 88' lang='lat' dir='ltr'>electa</span> <span class='ocrx_word' id='word_1_168' title='bbox 787 1412 880 1454; x_wconf 90' lang='lat' dir='ltr'>sunt,</span> <span class='ocrx_word' id='word_1_169' title='bbox 909 1409 992 1454; x_wconf 89' lang='lat' dir='ltr'>quia</span> <span class='ocrx_word' id='word_1_170' title='bbox 1018 1410 1130 1445; x_wconf 88' lang='lat' dir='ltr'>verba</span> <span class='ocrx_word' id='word_1_171' title='bbox 1161 1420 1270 1455; x_wconf 87' lang='lat' dir='ltr'>pagg.</span> <span class='ocrx_word' id='word_1_172' title='bbox 1301 1412 1378 1453; x_wconf 88' lang='lat'>176,</span> <span class='ocrx_word' id='word_1_173' title='bbox 1391 1415 1479 1443; x_wconf 84' lang='lat'>26—</span> 
     </span>
     <span class='ocr_line' id='line_1_23' title="bbox 250 1467 1477 1515; baseline 0.001 -11"><span class='ocrx_word' id='word_1_174' title='bbox 250 1473 360 1514; x_wconf 83' lang='lat'><strong>177‚9</strong></span> <span class='ocrx_word' id='word_1_175' title='bbox 393 1467 539 1512; x_wconf 72' lang='grc' dir='ltr'>(Ὀρθῶς</span> <span class='ocrx_word' id='word_1_176' title='bbox 565 1471 600 1503; x_wconf 78' lang='grc' dir='ltr'>δὲ</span> <span class='ocrx_word' id='word_1_177' title='bbox 629 1473 772 1510; x_wconf 83' lang='grc' dir='ltr'><em>Γεμῖνος</em></span> <span class='ocrx_word' id='word_1_178' title='bbox 796 1468 884 1515; x_wconf 78' lang='grc' dir='ltr'>κτλ.)</span> <span class='ocrx_word' id='word_1_179' title='bbox 913 1480 991 1505; x_wconf 87' lang='grc'><strong>011111</strong></span> <span class='ocrx_word' id='word_1_180' title='bbox 1018 1469 1090 1504; x_wconf 87' lang='lat' dir='ltr'>alio</span> <span class='ocrx_word' id='word_1_181' title='bbox 1121 1469 1200 1504; x_wconf 89' lang='lat' dir='ltr'>loco</span> <span class='ocrx_word' id='word_1_182' title='bbox 1228 1469 1477 1514; x_wconf 87' lang='lat' dir='ltr'>coniungenda</span> 
     </span>
     <span class='ocr_line' id='line_1_24' title="bbox 248 1528 933 1574; baseline -0.001 -9"><span class='ocrx_word' id='word_1_183' title='bbox 248 1539 328 1565; x_wconf 88' lang='lat' dir='ltr'>esse</span> <span class='ocrx_word' id='word_1_184' title='bbox 354 1539 465 1573; x_wconf 91' lang='lat' dir='ltr'>supra</span> <span class='ocrx_word' id='word_1_185' title='bbox 490 1539 575 1574; x_wconf 89' lang='lat' dir='ltr'>pag.</span> <span class='ocrx_word' id='word_1_186' title='bbox 607 1532 648 1563; x_wconf 87' lang='lat'>17</span> <span class='ocrx_word' id='word_1_187' title='bbox 677 1528 933 1574; x_wconf 86' lang='lat' dir='ltr'>perspeximus.</span> 
     </span>
    </p>

    <p class='ocr_par' dir='ltr' id='par_1_4' title="bbox 245 1587 1478 2285">
     <span class='ocr_line' id='line_1_25' title="bbox 348 1587 1477 1634; baseline 0 -10"><span class='ocrx_word' id='word_1_188' title='bbox 348 1588 421 1625; x_wconf 87' lang='lat' dir='ltr'>Sed</span> <span class='ocrx_word' id='word_1_189' title='bbox 447 1599 492 1624; x_wconf 88' lang='lat' dir='ltr'>ex</span> <span class='ocrx_word' id='word_1_190' title='bbox 519 1588 571 1624; x_wconf 90' lang='lat' dir='ltr'>eis</span> <span class='ocrx_word' id='word_1_191' title='bbox 597 1588 822 1634; x_wconf 85' lang='lat' dir='ltr'>fragmentis,</span> <span class='ocrx_word' id='word_1_192' title='bbox 855 1598 949 1632; x_wconf 87' lang='lat' dir='ltr'>quae</span> <span class='ocrx_word' id='word_1_193' title='bbox 975 1588 1092 1624; x_wconf 88' lang='lat' dir='ltr'>adhuc</span> <span class='ocrx_word' id='word_1_194' title='bbox 1118 1587 1371 1630; x_wconf 88' lang='lat' dir='ltr'>tractavimus,</span> <span class='ocrx_word' id='word_1_195' title='bbox 1406 1588 1477 1624; x_wconf 88' lang='lat' dir='ltr'>dis-</span> 
     </span>
     <span class='ocr_line' id='line_1_26' title="bbox 248 1647 1478 1692; baseline 0 -9"><span class='ocrx_word' id='word_1_196' title='bbox 248 1648 418 1692; x_wconf 86' lang='lat' dir='ltr'>ceptandi</span> <span class='ocrx_word' id='word_1_197' title='bbox 456 1648 550 1683; x_wconf 88' lang='lat' dir='ltr'>ratio</span> <span class='ocrx_word' id='word_1_198' title='bbox 595 1648 771 1692; x_wconf 87' lang='lat' dir='ltr'>quaedam</span> <span class='ocrx_word' id='word_1_199' title='bbox 810 1647 955 1684; x_wconf 86' lang='lat' dir='ltr'>Gemini</span> <span class='ocrx_word' id='word_1_200' title='bbox 992 1647 1150 1691; x_wconf 84' lang='lat' dir='ltr'>perspici</span> <span class='ocrx_word' id='word_1_201' title='bbox 1187 1649 1326 1692; x_wconf 87' lang='lat' dir='ltr'>potest,</span> <span class='ocrx_word' id='word_1_202' title='bbox 1371 1658 1478 1692; x_wconf 89' lang='lat' dir='ltr'>quam</span> 
     </span>
     <span class='ocr_line' id='line_1_27' title="bbox 248 1705 1478 1752; baseline -0.001 -10"><span class='ocrx_word' id='word_1_203' title='bbox 248 1706 356 1750; x_wconf 86' lang='lat' dir='ltr'>paulo</span> <span class='ocrx_word' id='word_1_204' title='bbox 384 1706 519 1742; x_wconf 88' lang='lat' dir='ltr'>clarius</span> <span class='ocrx_word' id='word_1_205' title='bbox 538 1706 742 1752; x_wconf 74' lang='lat' dir='ltr'>depingam,</span> <span class='ocrx_word' id='word_1_206' title='bbox 768 1706 974 1751; x_wconf 89' lang='lat' dir='ltr'>priusquam</span> <span class='ocrx_word' id='word_1_207' title='bbox 993 1705 1041 1741; x_wconf 89' lang='lat' dir='ltr'>ad</span> <span class='ocrx_word' id='word_1_208' title='bbox 1058 1705 1132 1741; x_wconf 89' lang='lat' dir='ltr'>alia</span> <span class='ocrx_word' id='word_1_209' title='bbox 1150 1710 1350 1743; x_wconf 87' lang='lat' dir='ltr'>transeam.</span> <span class='ocrx_word' id='word_1_210' title='bbox 1392 1706 1478 1742; x_wconf 86' lang='lat' dir='ltr'>Ete-</span> 
     </span>
     <span class='ocr_line' id='line_1_28' title="bbox 247 1765 1477 1810; baseline 0.001 -10"><span class='ocrx_word' id='word_1_211' title='bbox 247 1765 321 1800; x_wconf 93' lang='lat' dir='ltr'>nim</span> <span class='ocrx_word' id='word_1_212' title='bbox 340 1766 554 1810; x_wconf 88' lang='lat' dir='ltr'>saepissime</span> <span class='ocrx_word' id='word_1_213' title='bbox 572 1766 666 1801; x_wconf 90' lang='lat' dir='ltr'>hanc</span> <span class='ocrx_word' id='word_1_214' title='bbox 681 1768 826 1802; x_wconf 86' lang='lat' dir='ltr'>secutus</span> <span class='ocrx_word' id='word_1_215' title='bbox 841 1769 898 1802; x_wconf 89' lang='lat' dir='ltr'>est</span> <span class='ocrx_word' id='word_1_216' title='bbox 914 1765 1043 1810; x_wconf 88' lang='lat' dir='ltr'>legem,</span> <span class='ocrx_word' id='word_1_217' title='bbox 1062 1768 1103 1801; x_wconf 91' lang='lat' dir='ltr'>ut</span> <span class='ocrx_word' id='word_1_218' title='bbox 1122 1765 1280 1810; x_wconf 90' lang='lat' dir='ltr'>aliquam</span> <span class='ocrx_word' id='word_1_219' title='bbox 1294 1765 1477 1802; x_wconf 89' lang='lat' dir='ltr'>notionem</span> 
     </span>
     <span class='ocr_line' id='line_1_29' title="bbox 245 1823 1477 1869; baseline 0.001 -11"><span class='ocrx_word' id='word_1_220' title='bbox 245 1823 454 1867; x_wconf 85' lang='lat' dir='ltr'>primariam</span> <span class='ocrx_word' id='word_1_221' title='bbox 490 1825 708 1869; x_wconf 88' lang='lat' dir='ltr'>dispertiens</span> <span class='ocrx_word' id='word_1_222' title='bbox 741 1825 831 1860; x_wconf 89' lang='lat' dir='ltr'>duas</span> <span class='ocrx_word' id='word_1_223' title='bbox 857 1826 1001 1859; x_wconf 85' lang='lat' dir='ltr'>tantum</span> <span class='ocrx_word' id='word_1_224' title='bbox 1026 1827 1151 1868; x_wconf 87' lang='lat' dir='ltr'>partes</span> <span class='ocrx_word' id='word_1_225' title='bbox 1177 1824 1339 1860; x_wconf 86' lang='lat' dir='ltr'>efficeret</span> <span class='ocrx_word' id='word_1_226' title='bbox 1365 1827 1477 1868; x_wconf 90' lang='lat' dir='ltr'>atque</span> 
     </span>
     <span class='ocr_line' id='line_1_30' title="bbox 246 1882 1477 1930; baseline 0.002 -11"><span class='ocrx_word' id='word_1_227' title='bbox 246 1882 285 1919; x_wconf 94' lang='grc'>111</span> <span class='ocrx_word' id='word_1_228' title='bbox 311 1883 438 1920; x_wconf 84' lang='grc'><strong>03110111</strong></span> <span class='ocrx_word' id='word_1_229' title='bbox 458 1884 643 1922; x_wconf 83' lang='lat' dir='ltr'>dividendi</span> <span class='ocrx_word' id='word_1_230' title='bbox 668 1883 811 1921; x_wconf 90' lang='lat' dir='ltr'>ratione</span> <span class='ocrx_word' id='word_1_231' title='bbox 834 1894 1074 1930; x_wconf 84' lang='lat' dir='ltr'>perseverans</span> <span class='ocrx_word' id='word_1_232' title='bbox 1092 1894 1214 1920; x_wconf 90' lang='lat' dir='ltr'>omnes</span> <span class='ocrx_word' id='word_1_233' title='bbox 1240 1883 1477 1921; x_wconf 88' lang='lat' dir='ltr'>secundarias</span> 
     </span>
     <span class='ocr_line' id='line_1_31' title="bbox 246 1943 1477 1989; baseline 0.002 -12"><span class='ocrx_word' id='word_1_234' title='bbox 246 1945 285 1978; x_wconf 90' lang='lat' dir='ltr'>et</span> <span class='ocrx_word' id='word_1_235' title='bbox 310 1943 410 1987; x_wconf 85' lang='lat' dir='ltr'>ipsas</span> <span class='ocrx_word' id='word_1_236' title='bbox 442 1944 480 1979; x_wconf 94' lang='lat' dir='ltr'>in</span> <span class='ocrx_word' id='word_1_237' title='bbox 511 1945 601 1980; x_wconf 90' lang='lat' dir='ltr'>duas</span> <span class='ocrx_word' id='word_1_238' title='bbox 627 1947 753 1989; x_wconf 88' lang='lat' dir='ltr'>partes</span> <span class='ocrx_word' id='word_1_239' title='bbox 779 1944 968 1989; x_wconf 84' lang='lat' dir='ltr'>divideret,</span> <span class='ocrx_word' id='word_1_240' title='bbox 1001 1944 1083 1979; x_wconf 90' lang='lat' dir='ltr'>dum</span> <span class='ocrx_word' id='word_1_241' title='bbox 1113 1944 1297 1989; x_wconf 87' lang='lat' dir='ltr'>gradatim</span> <span class='ocrx_word' id='word_1_242' title='bbox 1329 1944 1477 1979; x_wconf 92' lang='lat' dir='ltr'>descen-</span> 
     </span>
     <span class='ocr_line' id='line_1_32' title="bbox 248 2001 1476 2047; baseline 0 -10"><span class='ocrx_word' id='word_1_243' title='bbox 248 2001 336 2037; x_wconf 91' lang='lat' dir='ltr'>dens</span> <span class='ocrx_word' id='word_1_244' title='bbox 354 2001 402 2037; x_wconf 87' lang='lat' dir='ltr'>ad</span> <span class='ocrx_word' id='word_1_245' title='bbox 428 2005 611 2039; x_wconf 86' lang='lat' dir='ltr'>extremas</span> <span class='ocrx_word' id='word_1_246' title='bbox 630 2002 867 2047; x_wconf 87' lang='lat' dir='ltr'>minimasque</span> <span class='ocrx_word' id='word_1_247' title='bbox 891 2002 1112 2047; x_wconf 88' lang='lat' dir='ltr'>perveniret.</span> <span class='ocrx_word' id='word_1_248' title='bbox 1158 2002 1365 2047; x_wconf 83' lang='lat' dir='ltr'>Tantopere</span> <span class='ocrx_word' id='word_1_249' title='bbox 1390 2013 1476 2039; x_wconf 86' lang='lat' dir='ltr'>vero</span> 
     </span>
     <span class='ocr_line' id='line_1_33' title="bbox 247 2060 1476 2108; baseline 0.001 -11"><span class='ocrx_word' id='word_1_250' title='bbox 247 2061 341 2097; x_wconf 93' lang='lat' dir='ltr'>hunc</span> <span class='ocrx_word' id='word_1_251' title='bbox 367 2060 580 2106; x_wconf 90' lang='lat' dir='ltr'>disponendi</span> <span class='ocrx_word' id='word_1_252' title='bbox 605 2073 738 2099; x_wconf 87' lang='lat' dir='ltr'>morem</span> <span class='ocrx_word' id='word_1_253' title='bbox 766 2062 972 2108; x_wconf 86' lang='lat' dir='ltr'>adamabat,</span> <span class='ocrx_word' id='word_1_254' title='bbox 998 2063 1039 2098; x_wconf 92' lang='lat' dir='ltr'>ut</span> <span class='ocrx_word' id='word_1_255' title='bbox 1066 2072 1176 2107; x_wconf 87' lang='lat' dir='ltr'>saepe</span> <span class='ocrx_word' id='word_1_256' title='bbox 1202 2061 1338 2107; x_wconf 87' lang='lat' dir='ltr'>speciei</span> <span class='ocrx_word' id='word_1_257' title='bbox 1364 2062 1476 2107; x_wconf 85' lang='lat' dir='ltr'>quali·</span> 
     </span>
     <span class='ocr_line' id='line_1_34' title="bbox 245 2120 1477 2165; baseline 0 -9"><span class='ocrx_word' id='word_1_258' title='bbox 245 2121 336 2163; x_wconf 88' lang='lat' dir='ltr'>libet</span> <span class='ocrx_word' id='word_1_259' title='bbox 361 2121 452 2156; x_wconf 91' lang='lat' dir='ltr'>nihil</span> <span class='ocrx_word' id='word_1_260' title='bbox 476 2120 547 2156; x_wconf 92' lang='lat' dir='ltr'>nisi</span> <span class='ocrx_word' id='word_1_261' title='bbox 582 2121 924 2163; x_wconf 86' lang='lat' dir='ltr'>„contradictorium</span> <span class='ocrx_word' id='word_1_262' title='bbox 956 2121 1197 2157; x_wconf 88' lang='lat' dir='ltr'>contrarium“</span> <span class='ocrx_word' id='word_1_263' title='bbox 1232 2122 1327 2165; x_wconf 87' lang='lat' dir='ltr'>quod</span> <span class='ocrx_word' id='word_1_264' title='bbox 1359 2122 1477 2157; x_wconf 88' lang='lat' dir='ltr'>nostri</span> 
     </span>
     <span class='ocr_line' id='line_1_35' title="bbox 245 2179 1475 2228; baseline 0 -12"><span class='ocrx_word' id='word_1_265' title='bbox 245 2183 380 2217; x_wconf 88' lang='lat' dir='ltr'>vocant</span> <span class='ocrx_word' id='word_1_266' title='bbox 410 2179 614 2225; x_wconf 88' lang='lat' dir='ltr'>philosophi</span> <span class='ocrx_word' id='word_1_267' title='bbox 648 2183 856 2226; x_wconf 90' lang='lat' dir='ltr'>opponeret.</span> <span class='ocrx_word' id='word_1_268' title='bbox 900 2180 1014 2228; x_wconf 80' lang='lat' dir='ltr'>Quem</span> <span class='ocrx_word' id='word_1_269' title='bbox 1041 2190 1143 2216; x_wconf 90' lang='lat' dir='ltr'>usum</span> <span class='ocrx_word' id='word_1_270' title='bbox 1166 2183 1208 2216; x_wconf 88' lang='lat' dir='ltr'>ut</span> <span class='ocrx_word' id='word_1_271' title='bbox 1234 2180 1271 2216; x_wconf 91' lang='lat' dir='ltr'>in</span> <span class='ocrx_word' id='word_1_272' title='bbox 1298 2180 1351 2217; x_wconf 88' lang='lat' dir='ltr'>eis</span> <span class='ocrx_word' id='word_1_273' title='bbox 1376 2179 1475 2225; x_wconf 86' lang='lat' dir='ltr'>locis,</span> 
     </span>
     <span class='ocr_line' id='line_1_36' title="bbox 248 2239 1475 2285; baseline 0 -9"><span class='ocrx_word' id='word_1_274' title='bbox 248 2250 337 2285; x_wconf 89' lang='lat' dir='ltr'>quos</span> <span class='ocrx_word' id='word_1_275' title='bbox 357 2239 509 2277; x_wconf 85' lang='lat' dir='ltr'>Gemino</span> <span class='ocrx_word' id='word_1_276' title='bbox 528 2239 653 2276; x_wconf 89' lang='lat' dir='ltr'>deberi</span> <span class='ocrx_word' id='word_1_277' title='bbox 669 2240 766 2277; x_wconf 89' lang='lat' dir='ltr'>inter</span> <span class='ocrx_word' id='word_1_278' title='bbox 784 2250 906 2276; x_wconf 91' lang='lat' dir='ltr'>omnes</span> <span class='ocrx_word' id='word_1_279' title='bbox 925 2242 1081 2282; x_wconf 90' lang='lat' dir='ltr'>constat,</span> <span class='ocrx_word' id='word_1_280' title='bbox 1109 2240 1317 2277; x_wconf 89' lang='lat' dir='ltr'>accuratius</span> <span class='ocrx_word' id='word_1_281' title='bbox 1335 2240 1475 2276; x_wconf 90' lang='lat' dir='ltr'>demon·</span> 
     </span>
    </p>
   </div>
   <div class='ocr_carea' id='block_1_3' title="bbox 247 2299 1476 2390">
    <p class='ocr_par' dir='ltr' id='par_1_5' title="bbox 247 2299 1476 2390">
     <span class='ocr_line' id='line_1_37' title="bbox 247 2299 1476 2347; baseline 0 -10"><span class='ocrx_word' id='word_1_282' title='bbox 247 2302 370 2347; x_wconf 88' lang='lat' dir='ltr'>strem,</span> <span class='ocrx_word' id='word_1_283' title='bbox 389 2299 582 2337; x_wconf 88' lang='lat' dir='ltr'>nonnullas</span> <span class='ocrx_word' id='word_1_284' title='bbox 600 2300 748 2337; x_wconf 87' lang='lat' dir='ltr'>tabulas</span> <span class='ocrx_word' id='word_1_285' title='bbox 766 2300 819 2337; x_wconf 87' lang='lat' dir='ltr'>sic</span> <span class='ocrx_word' id='word_1_286' title='bbox 837 2304 1068 2346; x_wconf 88' lang='lat' dir='ltr'>comparatas</span> <span class='ocrx_word' id='word_1_287' title='bbox 1086 2310 1291 2347; x_wconf 88' lang='lat' dir='ltr'>proponam,</span> <span class='ocrx_word' id='word_1_288' title='bbox 1308 2302 1349 2337; x_wconf 91' lang='lat' dir='ltr'>ut</span> <span class='ocrx_word' id='word_1_289' title='bbox 1365 2299 1476 2337; x_wconf 85' lang='lat' dir='ltr'>linesi</span> 
     </span>
     <span class='ocr_line' id='line_1_38' title="bbox 1243 2359 1279 2390; baseline 0 -12"><span class='ocrx_word' id='word_1_290' title='bbox 1243 2359 1279 2390; x_wconf 79' lang='lat'>2*</span> 
     </span>
    </p>
   </div>
  </div>
 </body>
</html>
