1721 2633
720 673 879 739 Caput
909 675 978 725 IV-

535 782 597 820 De
624 781 784 820 Gemini
809 781 979 829 ingenio
1007 783 1049 820 et
1073 782 1166 820 fide.

333 860 508 906 Vulgaris
547 863 604 896 est
643 861 761 906 opinio
796 860 987 897 Geminum
1026 861 1156 897 ceteris
1194 861 1465 897 mathematicis

235 920 379 966 ingenio
406 923 517 964 atque
536 920 701 955 sollertia
723 920 832 955 multo
850 920 1088 966 praestitisse,
1115 921 1215 957 velut
1232 920 1467 964 Apollonium

234 980 438 1025 Pergaeam
476 978 535 1015 vel
570 978 765 1015 Gaussium
803 978 840 1013 in
874 979 1209 1015 mathematicorum
1244 978 1466 1025 principibus

234 1040 418 1075 habemus.
455 1038 573 1084 Quam
591 1039 635 1074 ob
662 1049 738 1074 rem
755 1037 929 1074 Manitius
955 1038 992 1074 in
1009 1043 1198 1075 comment.
1235 1040 1464 1076 Fleckeisen.

234 1107 317 1142 pag.
359 1099 425 1130 102
463 1095 673 1141 Geminum,
712 1096 932 1141 singularem
970 1097 1284 1138 mathematicum,
1319 1100 1468 1142 propter

235 1156 365 1192 librum
387 1158 517 1199 θεωρία
542 1157 614 1190 τῶν
630 1154 847 1199 μαθημάτων
865 1154 1011 1191 summis
1028 1155 1195 1192 laudibus
1222 1156 1360 1193 elatum
1385 1167 1467 1194 esse

235 1218 274 1250 et
307 1213 441 1259 insigni
474 1214 513 1248 in
547 1214 785 1250 theorematis
818 1214 1045 1258 inveniendis
1080 1216 1242 1251 acumine
1275 1216 1467 1252 eminuisse

233 1273 512 1321 praedicavit.*)
552 1274 624 1310 Sed
642 1284 687 1309 ex
705 1274 767 1319 eis,
786 1284 877 1318 quae
896 1274 1013 1309 adhuc
1043 1273 1087 1308 de
1105 1273 1166 1308 illo
1185 1274 1299 1310 stoico
1319 1274 1467 1319 eiusque

233 1333 326 1369 libro
354 1334 517 1379 disserui,
543 1334 651 1379 plane
668 1333 894 1378 perspicuum
920 1336 978 1369 est
1004 1333 1098 1368 hanc
1122 1333 1344 1369 sententiam
1369 1333 1467 1380 frag-

235 1392 367 1428 mentis
385 1392 505 1428 fulciri
529 1403 600 1428 non
624 1403 741 1436 posse.
778 1392 906 1436 Neque
932 1401 1019 1428 vero
1038 1391 1203 1435 equidem
1221 1393 1468 1428 contenderim

236 1462 316 1488 eum
348 1454 541 1497 auctorem,
573 1451 634 1496 qui
664 1451 870 1488 universam
900 1450 1237 1487 mathematicorum
1265 1451 1468 1488 doctrinam

235 1510 272 1546 in
300 1514 415 1546 artem
443 1511 626 1556 redigeret
652 1514 761 1555 atque
787 1521 909 1546 omnes
934 1510 1100 1546 notiones
1117 1513 1370 1555 perscrutatus
1397 1507 1467 1547 dis-

236 1573 399 1615 poneret,
430 1569 591 1614 ineptum
622 1569 736 1605 fuisse
762 1569 822 1618 vel
847 1569 1030 1605 hebetem!
1082 1569 1196 1604 Immo
1222 1568 1253 1605 is
1280 1573 1372 1611 erat,
1409 1569 1469 1613 qui

236 1628 403 1664 doctrina
421 1629 587 1665 excultus
613 1632 723 1673 atque
742 1628 920 1673 expolitus
947 1638 1035 1664 sano
1063 1638 1142 1663 cum
1160 1628 1292 1664 iudicio
1310 1628 1468 1674 priorum

235 1688 510 1732 aequaliumque
545 1684 748 1724 sententias
779 1687 969 1732 reciperet,
1002 1687 1238 1732 examinaret,
1270 1688 1468 1723 ordinaret.

235 1746 333 1783 Num
350 1757 432 1783 eam
455 1748 499 1783 ob
518 1757 665 1783 causam
682 1756 833 1782 necesse
860 1749 917 1782 est
934 1756 1029 1782 nova
1047 1746 1187 1791 placita
1205 1746 1469 1782 mathematica

236 1807 283 1840 ab
310 1816 352 1841 eo
370 1806 407 1840 in
433 1806 549 1841 lucem
567 1806 710 1850 prolata
736 1804 844 1841 esse?
882 1804 1049 1840 Minime!
1088 1805 1353 1850 Intellegibilia
1380 1816 1469 1841 sane

238 1874 260 1899 a
287 1863 518 1900 sensibilibus
545 1864 682 1899 acriter
707 1862 884 1908 distinxit,
911 1873 982 1898 non
1008 1863 1089 1907 plus
1114 1863 1188 1898 tria
1218 1863 1405 1907 postulata
1430 1863 1469 1898 in

235 1923 421 1969 principiis
440 1923 553 1969 duxit,
578 1934 657 1960 cum
675 1926 842 1968 quartum
862 1926 901 1958 et
919 1922 1082 1967 quintum
1100 1932 1191 1967 quae
1213 1922 1249 1957 in
1263 1922 1468 1958 Elementis

236 1982 404 2018 feruntur
442 1982 554 2019 firmis
589 1982 813 2028 argumentis
853 1981 1072 2018 stabilienda
1107 1992 1186 2017 esse
1221 1985 1465 2018 asseveraret.

235 2042 377 2079 Iterum
391 2041 594 2088 iterumque
607 2040 835 2088 praedicavit
849 2040 1101 2078 mathematici
1115 2051 1196 2077 esse
1208 2043 1358 2086 praeter
1376 2052 1467 2078 com-

332 2160 359 2198 ¹⁸‘)
381 2158 426 2189 Cf.
449 2168 473 2189 e.
489 2168 518 2197 g.
545 2159 621 2189 haee
644 2159 780 2189 nomina:
809 2158 1060 2197 „selbstandigen
1087 2158 1327 2196 schopferischer
1351 2158 1467 2188 Mathe-

234 2210 384 2241 matiker“
413 2209 434 2239 1.
461 2208 481 2240 1.
509 2217 579 2248 pag.
611 2210 667 2239 102
695 2211 728 2241 et
755 2208 962 2248 „namhafter“
985 2208 1050 2240 sive
1073 2208 1332 2247 „vielgeriihmter
1351 2208 1468 2240 Mathe-

234 2259 383 2291 matiker“
405 2267 474 2298 pag.
497 2259 561 2289 119.
