1721 2633
746 129 985 161 -28-

249 228 445 269 praecepto
481 225 657 271 congruit,
689 228 814 261 tamen
848 236 892 261 ex
918 225 1067 271 originis
1099 226 1312 271 quibusdam
1338 227 1482 264 indiciis

251 284 443 321 Geminum
475 295 558 321 esse
590 288 775 321 auctorem
807 285 977 331 cognosci
1007 288 1149 331 potest:
1183 287 1339 333 exempli
1373 298 1484 324 causa

250 355 303 387 ea,
332 356 426 389 quae
452 357 534 391 pag.
567 348 753 390 79‚16—20
780 346 1018 391 explicantur,
1050 346 1162 391 priori
1189 348 1485 384 commentationi

249 414 332 449 pag.
373 407 562 446 58‚1o—15
601 405 837 451 respondent,
878 409 988 450 atque
1029 406 1229 451 exemplum
1269 417 1292 442 a
1329 407 1484 452 trigonis

250 463 487 507 aequicruriis
514 467 709 508 sumptum,
748 475 815 508 quo
851 464 941 500 illud
974 465 1257 510 propositionum
1292 465 1483 502 discrimen

247 532 357 567 pagg.
389 525 442 567 79,
455 528 492 555 26
520 533 556 558 ss
589 525 626 558 et
652 533 734 568 pag.
763 525 819 568 80,
832 529 870 556 26
898 534 933 559 ss
964 524 1176 569 illustretur,
1209 523 1353 560 Gemini
1379 536 1482 570 prop-

247 580 340 616 rium
367 584 434 626 est,
462 582 545 625 quia
564 582 648 617 aliis
679 593 724 617 ex
741 582 831 618 locis
855 583 915 629 (cf.
934 594 964 618 e.
984 594 1018 628 g.
1037 594 1120 629 pag.
1142 587 1252 629 251,2
1271 586 1321 628 ss)
1340 583 1482 620 intelle-

248 639 365 684 gimus
398 651 477 676 eum
510 640 653 686 angulis
684 641 813 677 talium
845 641 1068 687 trigonorum
1100 642 1295 687 praecipue
1327 643 1483 679 studium

248 710 415 736 navasse.
460 700 549 736 Cum
576 711 662 737 vero
689 702 754 737 sub
781 701 888 737 finem
916 712 960 737 ea
987 712 1079 746 quae
1105 702 1301 738 Posidonio
1328 703 1483 747 probata

248 761 328 793 erat
360 759 548 795 sententia
580 759 776 805 diligenter
808 761 1031 806 explanetur,
1060 761 1159 797 cuius
1184 761 1363 798 vocabula
1389 761 1431 795 τὸ
1457 764 1486 795 εἰ

247 817 337 852 ἔστιν
364 817 383 862 ἢ
401 817 458 863 μὴ,
486 822 520 853 τί
536 820 637 861 ἐστιν,
665 820 770 855 ποῖόν
788 823 822 855 τί
846 821 936 855 ἐστιν
955 831 1034 857 cum
1054 820 1290 867 Geminianis,
1318 831 1410 866 quae
1437 822 1484 857 ad

246 888 327 922 pag.
349 881 416 912 201
439 889 455 913 s
483 888 593 923 supra
621 879 720 924 (vide
746 891 830 925 pag.
853 884 895 914 25
912 879 944 926 s)
972 880 1065 916 satis
1089 882 1257 916 tractata
1277 883 1372 922 sunt,
1401 891 1481 916 con-

246 936 343 972 ferre
374 936 477 982 licet,
516 937 588 973 iam
621 938 783 974 dubitari
814 939 954 983 nequit,
989 939 1075 984 quin
1106 940 1199 975 haec
1234 939 1483 975 commentarii

244 1007 328 1040 pars
356 996 480 1043 (pagg.
513 1000 566 1042 77,
579 998 750 1044 7—81,4)
778 1009 823 1034 ex
848 999 909 1034 illo
937 999 1028 1035 libro
1056 1001 1228 1043 excerpta
1256 998 1315 1034 sit.

344 1055 417 1092 Sed
450 1067 495 1092 ne
530 1056 608 1100 quis
640 1056 677 1092 in
709 1057 831 1094 verbis
866 1069 948 1104 pag.
984 1060 1147 1103 79,3—11
1184 1057 1357 1103 haeserit,
1389 1069 1482 1102 quae

245 1116 360 1151 adhuc
388 1115 534 1152 silentio
562 1117 736 1162 oppressi,
764 1118 808 1153 de
834 1118 901 1153 hoc
928 1118 1006 1154 loco
1034 1117 1233 1163 separatim
1261 1117 1482 1162 disputaturi

246 1177 462 1220 argumenta
489 1176 535 1210 ab
563 1176 635 1211 alio
664 1176 809 1212 Gemini
835 1177 1040 1222 fragmento
1066 1180 1282 1222 repetamus.
1328 1178 1480 1213 Postea-

244 1245 350 1277 quam
384 1234 477 1269 enim
508 1234 570 1269 ille
606 1245 708 1270 suam
742 1235 922 1271 rationem
958 1239 1105 1272 secutus
1140 1238 1331 1280 utrumque
1367 1246 1481 1281 genus

244 1293 447 1338 descripsit,
467 1293 514 1328 ad
537 1294 697 1329 ordinem
715 1295 999 1339 propositionum
1021 1295 1282 1340 expediendum
1308 1296 1482 1341 perrexit,

244 1352 275 1388 si
306 1352 410 1388 modo
441 1352 715 1389 Elementorum
747 1354 941 1399 interpreti
971 1355 1062 1390 fides
1093 1355 1262 1391 habenda
1295 1357 1352 1391 est
1384 1357 1480 1400 (pag.

245 1415 474 1457 243,21-25)
502 1412 637 1448 dicenti
655 1413 842 1449 theorema
869 1425 890 1449 a
918 1413 1071 1451 Gemino
1103 1418 1190 1450 ante
1208 1414 1395 1459 problema
1421 1425 1481 1459 po-

245 1472 355 1507 situm
383 1482 474 1517 esse,
502 1482 581 1507 cum
611 1471 792 1517 Carpus*)
813 1473 1085 1519 Antiochensis,
1117 1484 1221 1518 quem
1247 1476 1383 1510 vocant
1409 1484 1481 1509 me-

245 1530 444 1574 chanicum,
473 1531 633 1566 ordinem
652 1531 835 1568 inversum
855 1533 1089 1577 comprobare
1116 1532 1325 1568 studuisset.
1371 1532 1481 1568 Cuius

244 1589 448 1633 opinionem
473 1600 582 1634 pagg.
612 1594 929 1636 241‚19—243‚11
956 1591 1180 1636 propositam
1207 1591 1381 1635 quomodo
1410 1590 1482 1628 Ge-

244 1648 361 1684 minus
399 1648 686 1694 impugnaverit,
731 1660 775 1685 ex
818 1650 869 1686 eis
909 1650 1073 1686 conicere
1111 1650 1218 1696 licet,
1262 1661 1355 1694 quae
1397 1661 1481 1695 pag.

245 1710 467 1748 243,12-25
512 1708 726 1744 Platonicus
762 1712 1037 1745 commentatur.
1089 1710 1238 1745 Etenim
1273 1709 1367 1753 quod
1400 1719 1481 1754 pro-

243 1767 404 1802 blemata
431 1767 478 1802 ab
498 1777 541 1802 ea
560 1768 782 1812 geometriae
801 1771 918 1815 parte,
946 1779 1039 1813 quae
1057 1769 1095 1804 in
1113 1768 1281 1804 artificiis
1299 1771 1479 1809 versatur,

244 1827 474 1862 theoremata
506 1837 528 1861 a
555 1827 901 1875 contemplativa**)
933 1828 1133 1874 geometria
1163 1827 1309 1872 propius
1341 1829 1481 1873 absunt,

243 1886 307 1920 illa
346 1887 550 1930 posteriora
589 1886 754 1931 (δεύτερα,
794 1887 1034 1931 τεχνικώτερα,
1073 1898 1155 1932 pag.
1197 1890 1278 1928 243,
1293 1888 1352 1932 20),
1391 1887 1482 1922 haec

352 2012 381 2049 *)
404 2012 534 2050 Carpum
565 2021 626 2042 non
658 2017 728 2050 post
755 2014 932 2050 Geminum,
964 2017 998 2043 ut
1018 2014 1057 2044 M.
1081 2013 1110 2043 C.
1133 2013 1166 2043 P.
1194 2013 1337 2050 Schmidt,
1363 2013 1482 2043 ‘Phi101.

243 2060 467 2091 Wochenschr.'
496 2071 523 2091 a.
553 2062 629 2092 1892
655 2072 723 2100 pag.
749 2064 807 2093 456
840 2068 871 2093 et
897 2063 974 2093 Phil.
1002 2064 1039 2092 45
1070 2072 1140 2100 pag.
1165 2064 1200 2091 72
1224 2072 1237 2092 s
1264 2063 1346 2092 nullo
1375 2062 1482 2092 adver-

243 2114 333 2141 sante
361 2111 532 2148 contendit,
566 2112 620 2142 sed
647 2116 719 2142 ante
749 2112 908 2142 Geminum
936 2112 1076 2142 floruisse
1114 2112 1173 2141 alio
1202 2112 1266 2142 loco
1296 2112 1482 2142 demonstra-

241 2164 331 2191 turus
353 2169 428 2201 sum.

342 2210 388 2249 **)
414 2210 569 2240 Vocabula
586 2212 862 2249 „contemplativa“
879 2216 911 2242 et
928 2212 1077 2249 „activa,“
1094 2212 1200 2248 quibus
1215 2212 1232 2248 ἡ
1246 2214 1313 2250 περὶ
1335 2211 1373 2239 τὰ
1389 2210 1481 2247 νοητά

245 2264 275 2289 ot
295 2260 311 2295 ἦ
333 2262 400 2298 περὶ
421 2259 459 2286 τοὶ
475 2260 603 2295 αἰσθητοὶ
618 2261 813 2297 μαθηματικὴ
840 2262 888 2300 (cf.
911 2262 961 2291 Pr.
984 2270 1051 2299 pag.
1075 2263 1144 2296 38,4
1160 2263 1185 2298 s)
1201 2261 1422 2300 significentur,
1445 2269 1482 2291 ex

244 2311 375 2340 senecae
397 2318 443 2348 ep.
466 2309 512 2346 95,
526 2317 552 2339 io
573 2310 708 2349 repetita
730 2314 808 2341 sunt.
