1721 2633
741 137 955 169 ..9-

236 233 426 278 (115011111110
467 232 652 277 disseruit,
703 233 821 269 obiter
864 231 1149 277 comparaveris,
1183 231 1296 276 primo
1331 232 1461 268 obtutu

235 292 332 329 haud
366 291 474 329 facile
507 293 576 330 tibi
609 291 847 338 persuadebis
881 294 1072 337 utrumque
1106 291 1223 327 locum
1258 302 1302 327 ex
1335 290 1461 327 eodem

236 352 336 388 fonte
370 351 525 389 fluxisse.
585 353 639 388 At
673 354 796 398 potest
837 351 1090 397 demonstrari,
1130 351 1315 387 dummodo
1350 350 1461 387 alium

237 411 486 446 commentarii
511 411 627 446 locum
654 411 751 455 (pag.
772 415 857 455 57,9
875 410 926 456 ss)
955 420 1133 455 arcessas,
1165 410 1202 445 in
1228 420 1329 453 quem
1357 419 1461 445 nemo

236 469 354 506 adhuc
380 470 474 506 satis
501 469 658 506 animum
684 469 852 506 intendit.
895 470 948 506 Ut
973 472 1083 506 antea
1108 468 1240 515 prioris
1266 468 1336 504 loci
1361 468 1459 515 (pag.

237 532 293 574 39,
305 534 359 562 ⁷-
366 530 416 575 14)
435 539 607 565 summam
625 540 830 574 proponam,
858 532 1061 575 geometres
1079 531 1117 564 et
1135 529 1179 564 de
1197 528 1313 573 lineis,
1330 527 1460 572 planis,

236 588 359 625 solidis
386 587 445 636 (cf.
471 599 553 635 pag.
583 592 638 634 39,
649 588 772 636 8-10)‚
806 599 897 633 quas
927 588 1094 625 notiones
1125 598 1197 625 una
1222 597 1311 625 voce
1336 587 1461 630 μεγέθη

236 648 540 693 comprehendere
570 648 667 693 licet,
702 650 740 684 et
771 648 816 685 de
846 648 979 690 formis,
1015 659 1105 693 quas
1137 647 1274 685 Graeci
1308 646 1463 690 σχήματα

235 707 333 754 (pag.
363 706 483 753 39,11)
509 710 653 752 vocant,
680 706 912 752 quaestiones
940 707 1140 748 constituit,
1167 707 1205 742 111
1231 706 1359 751 quibus
1385 716 1463 742 ver-

236 769 340 803 satus
366 769 430 803 aut
461 777 671 812 componere
701 766 910 812 (συνιστάναι
941 778 1023 813 pag.
1053 768 1171 812 39‚13)
1204 769 1270 802 aut
1300 764 1463 802 conferre

235 827 454 869 (συγκρίνειν)
486 829 550 861 aut
581 825 740 862 dividere
771 826 971 870 composita
1002 826 1160 871 (διαιρεῖν
1185 824 1228 859 τὰ
1254 829 1462 867 συνεστῶτα)

236 884 371 920 studet.

334 942 437 989 Quae
471 944 584 979 verba
621 946 772 988 propter
804 943 1128 987 breviloquentiam
1160 953 1276 988 paene
1311 943 1465 979 obscura

237 1002 323 1047 quid
349 1001 417 1038 sibi
441 1002 568 1046 velint,
597 1002 743 1047 copiosa
769 1002 991 1048 geometriae
1018 1002 1260 1047 descriptione
1287 1012 1309 1037 a
1334 1001 1465 1037 Proclo

237 1072 318 1106 pag.
338 1064 521 1103 57‚14—26
543 1061 727 1106 perlucide
746 1061 986 1106 explicantur:
1004 1064 1226 1107 geometram
1253 1061 1349 1097 enim
1375 1061 1465 1096 duas

237 1130 370 1165 easque
398 1119 603 1156 contrarias
636 1120 718 1156 vias
743 1120 900 1166 ingredi3
927 1120 1030 1156 modo
1056 1131 1079 1156 a
1104 1123 1238 1165 puncto
1265 1119 1466 1165 profectum

237 1189 349 1223 usque
372 1179 419 1214 ad
441 1179 565 1215 varias
583 1190 627 1215 ac
644 1179 883 1216 multiformes
903 1179 1094 1216 solidorum
1112 1179 1252 1224 species
1270 1179 1466 1224 procedere

236 1238 259 1274 i.
279 1248 307 1273 e.
334 1237 539 1283 συνιστάναι,
565 1238 668 1274 1110ᾱο
695 1238 846 1274 inventa
873 1249 1080 1283 comparare
1108 1237 1328 1284 (συγκρίνειν)
1356 1240 1467 1281 atque

236 1309 259 1334 a
276 1296 484 1342 compositis
504 1297 552 1333 ad
570 1297 789 1343 simpliciora
806 1297 925 1334 redire
942 1297 964 1333 i.
984 1308 1014 1334 e.
1035 1299 1177 1342 διαιρεῖν
1194 1296 1237 1331 τὰ
1255 1298 1469 1337 συνεστῶτα,-

237 1357 290 1393 510
327 1356 481 1393 diversis
520 1357 612 1392 artis
652 1357 866 1393 dialecticae
905 1357 1106 1393 rationibus
1146 1367 1248 1392 usum
1289 1356 1349 1403 (cf.
1385 1367 1468 1402 pag.

239 1418 281 1451 57
287 1416 436 1460 ,21—24)
456 1425 536 1451 eum
563 1418 627 1452 aut
645 1426 710 1461 per
728 1416 916 1462 synthesin
941 1418 1004 1452 aut
1021 1426 1087 1461 per
1104 1415 1274 1461 analysin
1292 1425 1385 1460 quae
1407 1425 1468 1451 vo-

237 1478 369 1511 cantur
395 1475 441 1510 ad
466 1475 655 1519 proposita
683 1475 885 1520 pervenire.

333 1534 448 1569 Porro
466 1536 507 1569 ut
536 1534 770 1570 arithmetica
790 1534 954 1569 doctrina
972 1534 1056 1569 inde
1074 1544 1096 1569 a
1114 1534 1266 1569 monade
1284 1533 1469 1569 exordium

238 1592 337 1629 ducit
364 1591 423 1636 (cf.
442 1603 524 1638 pag.
542 1595 649 1634 39,17
677 1591 719 1627 τὰ
745 1593 814 1637 εἴδη
840 1594 906 1627 τοῦ
932 1591 1083 1637 ἀριθμοῦ
1112 1622 1118 1628 .
1140 1622 1146 1627 .
1170 1619 1176 1626 .
1204 1591 1373 1636 προϊόντα
1400 1590 1470 1626 ἀπὸ

236 1651 412 1696 μονάδος),
443 1651 499 1687 110
529 1655 701 1696 punctum
735 1662 815 1688 esse
848 1652 1069 1698 geometriae
1102 1652 1317 1697 principium
1348 1651 1470 1689 verbis

238 1709 258 1756 ἡ
288 1713 474 1755 γεωμετρία
504 1715 677 1755 προϊοῦσα
703 1709 772 1746 ἀπὸ
798 1714 860 1745 τοῦ
892 1709 1044 1755 ἀμεροῦς
1074 1715 1212 1755 σημείου
1241 1721 1324 1757 pag.
1358 1713 1413 1756 57,
1435 1715 1472 1743 14

238 1771 463 1816 explanatur.
494 1770 624 1815 Neque
641 1781 728 1807 vero
743 1781 797 1816 ea,
815 1781 907 1815 quae
924 1771 1152 1816 praecedunt
1170 1771 1268 1818 (pag.
1284 1772 1469 1817 57‚9—14)‚

239 1829 284 1865 ab
310 1829 377 1864 illa
402 1828 624 1874 geometriae
650 1829 858 1865 definitione
883 1829 988 1865 modo
1015 1830 1064 1865 ad
1090 1841 1171 1875 pag.
1200 1833 1366 1874 39‚7—14
1390 1840 1470 1874 pro-

237 1887 358 1934 posita
376 1888 586 1933 abhorrent,
613 1898 657 1923 ex
684 1898 754 1932 qua
780 1888 871 1924 haec
892 1888 1058 1924 doctrina
1084 1889 1344 1934 contemplatio
1370 1899 1470 1934 mag-

238 1947 441 1983 nitudinum
455 1946 721 1991 formarumque
736 1947 886 1994 (μεγέ-θη,
907 1947 1062 1991 σχήματα
1076 1959 1158 1994 pag.
1176 1951 1233 1989 57,
1248 1954 1285 1982 10
1299 1949 1331 1992 5)
1350 1948 1470 1993 appel-

238 2006 347 2042 latur.
401 2005 540 2052 Quibus
566 2007 674 2042 rebus
706 2006 907 2051 perspectis
933 2006 1005 2043 iam
1033 2007 1193 2043 dubitari
1219 2008 1356 2053 nequit,
1388 2007 1471 2052 quin

238 2068 318 2102 tota
349 2065 446 2102 illius
479 2064 694 2111 disciplinae
722 2065 917 2111 descriptio
944 2065 1070 2113 (pagg.
1091 2067 1329 2114 57‚9-58‚3)
1356 2077 1375 2103 e
1402 2066 1469 2103 Ge-

240 2124 327 2161 mini
353 2124 446 2160 libro
473 2124 658 2169 exscripta
683 2124 742 2161 sit.

337 2183 456 2229 Atqui
472 2183 578 2220 huius
596 2183 715 2229 partis
732 2183 874 2220 initium
894 2194 974 2220 cum
992 2194 1067 2222 var.
1087 2185 1167 2220 coll.
1189 2185 1310 2230 capite
1336 2185 1471 2231 quinto,

241 2243 334 2288 quod
347 2242 566 2279 Hultschius
585 2253 629 2279 ex
647 2243 829 2279 codicibus
843 2242 1023 2280 Parisinis
1038 2243 1163 2289 edidit,
1184 2244 1313 2280 eumin
1330 2244 1472 2280 1110(111111

241 2301 412 2343 0011011111,
439 2304 481 2337 111
499 2304 538 2336 01
554 2301 644 2337 illud
661 2302 709 2337 ad
727 2300 877 2337 eundem
895 2304 1081 2338 auctorem
1099 2303 1176 2339 iure
1194 2303 1327 2348 optimo
1345 2302 1473 2339 referri
