1721 2633
739 130 984 162 -53—

241 237 308 271 quo
327 225 515 268 Eutocius,
545 224 759 262 Oonicorum
777 225 970 272 interpres,
1005 225 1037 262 si
1059 236 1130 261 non
1157 225 1263 272 falso,
1289 229 1329 263 at
1355 227 1477 263 tamen

240 285 481 331 neglegenter
506 284 687 331 propriam
714 284 986 331 inscriptionem
1013 284 1255 323 adumbravit.

339 344 396 382 At
415 345 581 382 Schmidt
599 346 621 381 1.
641 345 664 380 l.
682 356 765 391 pag.
788 349 830 380 71
858 347 1108 391 argumentum
1126 344 1322 391 proposuit,
1348 356 1417 390 quo
1435 355 1479 381 ea

239 415 346 449 quam
366 404 598 450 comprobavi
616 403 802 440 sententia
819 403 1014 441 refutetur:
1042 413 1121 440 cum
1140 403 1286 440 Eutocii
1303 414 1478 441 commen-

238 463 358 499 tarius
372 464 562 499 exhiberet
577 462 596 497 ὁ
614 468 756 504 Γεμῖνος
769 464 785 497 ἐ
791 477 812 497 ν
825 468 881 509 τῷ
896 463 996 509 ἕκτῳ
1010 466 1091 506 φησὶ
1105 467 1163 506 τῆς
1176 464 1248 497 τῶν
1260 463 1480 506 μαθημάτων

238 525 405 567 θεωρίας,
457 522 536 558 fieri
573 532 644 557 non
682 522 863 567 potuisse,
904 524 945 558 ut
982 523 1131 568 Pappus
1170 522 1265 558 idem
1304 522 1478 567 scriptum

238 583 418 626 ,,θεωρία“
435 582 559 619 verbis
582 583 631 616 ἐν·
643 583 701 628 τῴ
718 585 793 626 περὶ
812 586 871 626 τῆς
889 584 960 617 τῶν
976 581 1193 626 μαθημάτων
1211 582 1340 624 τάξεως
1357 580 1478 627 Singu-

239 642 310 677 lari
336 652 483 677 numero
510 643 562 687 τῴ
587 644 764 686 usurpato
791 641 1026 687 significaret.
1067 641 1141 678 Sed
1167 651 1320 685 quanam
1347 651 1387 676 re
1412 640 1477 676 im-

241 700 414 745 pedimur,
440 711 486 736 ne
503 701 622 746 Pappi
639 701 717 737 loco
735 701 772 735 ἐν
789 705 840 747 τῷ
857 704 933 744 περὶ
951 704 1010 744 τῆς
1036 727 1186 735 ......
1214 700 1343 742 τάξεως
1359 702 1478 735 totum

239 769 327 803 opus
356 759 549 804 copiosum,
578 760 672 804 quod
701 760 739 795 in
764 762 892 805 partes
919 759 1072 795 divisum
1098 762 1167 805 est,
1198 757 1477 804 intellegamus?

237 817 352 853 Nulla
386 819 489 854 sane!
544 819 649 865 Quod
679 819 793 864 igitur
824 818 887 854 ille
922 818 978 855 vir
1012 818 1139 854 doctus
1171 818 1215 854 de
1249 819 1319 854 hac
1350 828 1391 853 re
1418 818 1477 853 de-

239 877 430 923 clamavit,
465 877 503 914 id
537 889 618 914 mea
652 878 795 923 quidem
831 877 1017 914 sententia
1048 877 1152 914 nihili
1183 879 1252 913 est.
1305 877 1378 914 Sed
1411 877 1479 912 hoc

238 947 386 972 numero
422 937 583 982 cognito,
624 937 697 973 etsi
733 936 903 973 discimus
935 936 1060 972 conica
1094 947 1115 971 a
1142 936 1296 973 Gemino
1322 936 1360 972 in
1386 936 1478 972 libro

237 998 342 1032 sexto
368 998 535 1033 tractata
567 1006 663 1041 esse,
695 996 784 1032 nihil
816 997 1013 1042 lucramur,
1046 1006 1114 1040 quo
1150 995 1241 1032 alios
1278 996 1390 1033 libros
1417 996 1476 1032 de-

236 1054 412 1091 finiamus.

335 1114 415 1149 Iam
442 1124 565 1150 omnes
592 1114 728 1150 cadunt
754 1124 898 1156 causae,
926 1114 971 1151 de
998 1113 1128 1159 quibus
1147 1114 1303 1151 alterum
1328 1114 1477 1151 titulum

239 1174 285 1209 ab
326 1174 444 1209 altero
483 1185 715 1220 segregemus
755 1174 914 1218 duosque
950 1174 1095 1211 Gemini
1128 1175 1242 1211 libros
1280 1173 1478 1220 significafi

237 1232 497 1268 existimemus.
538 1232 769 1279 Quapropter
786 1232 869 1269 inde
889 1234 934 1269 ab
953 1232 1059 1268 initio
1077 1233 1183 1269 huius
1202 1232 1476 1269 dissertationis

236 1292 280 1328 de
311 1303 381 1328 uno
415 1292 551 1338 scripto
583 1292 843 1329 mathematico
878 1294 993 1329 verba
1025 1292 1105 1339 feci,
1137 1303 1353 1338 quamquam
1383 1304 1476 1330 nunc

236 1352 376 1387 demum
403 1353 497 1388 hanc
525 1352 727 1397 opinionem
755 1353 984 1397 argumentis
1016 1352 1228 1388 confirmare
1252 1352 1364 1396 potui.

336 1410 409 1447 Sed
423 1411 454 1446 si
472 1411 545 1447 vim
564 1410 754 1455 utm'usque
772 1410 1025 1456 inscriptionis
1043 1410 1081 1446 in
1098 1413 1176 1446 tam
1194 1411 1334 1456 amplas
1348 1413 1476 1456 partes

236 1471 359 1507 valere
391 1471 586 1515 concedas,
619 1482 727 1515 quam
758 1472 836 1516 ipso
868 1473 1060 1508 verborum
1088 1470 1128 1505 τὰ
1153 1471 1341 1514 μαθήματα
1368 1481 1476 1507 sensu

236 1529 475 1576 efflagitatur,
493 1530 659 1566 nimirum
674 1530 841 1571 efficitur,
862 1533 903 1565 ut
918 1530 970 1565 eis
989 1540 1081 1574 quae
1100 1540 1210 1574 supra
1229 1529 1475 1565 recensuimus

235 1589 389 1626 nondum
422 1589 557 1635 omnia,
591 1590 635 1625 de
668 1589 795 1634 quibus
829 1589 890 1625 ille
924 1589 1017 1625 liber
1043 1589 1134 1635 egit,
1168 1588 1330 1626 exsecuti
1356 1588 1475 1625 simus.

235 1650 371 1686 Verum
388 1649 571 1685 enimvero
581 1648 904 1693 contemplativam
914 1648 1184 1684 arithmeticam
1195 1648 1321 1694 eadem
1331 1648 1474 1684 ratione

235 1719 278 1744 ac
308 1708 371 1745 via
402 1708 540 1754 agitari
567 1708 738 1754 oportuit,
767 1708 798 1745 si
829 1708 933 1745 modo
962 1711 1090 1745 auctor
1115 1708 1238 1745 verbis
1265 1709 1338 1742 τῶν
1362 1712 1473 1752 μαθη-

234 1768 354 1808 μάτων
386 1768 511 1812 aliqua
537 1779 581 1804 ex
611 1771 718 1813 parte
751 1767 968 1804 satisfacere
996 1768 1148 1804 studuit.
1203 1767 1276 1804 Sed
1301 1768 1474 1812 pleraque

235 1830 435 1872 temporum
474 1827 668 1872 iniquitate
709 1830 953 1873 evanuerunt,
992 1827 1062 1864 nisi
1098 1827 1193 1872 quod
1226 1827 1285 1863 hic
1319 1827 1394 1863 illic
1430 1837 1474 1863 ex

234 1886 402 1931 vestigiis
440 1887 654 1930 quibusdam
693 1886 777 1922 libri
817 1886 959 1931 copiam
999 1888 1171 1931 reputare
1203 1885 1300 1921 licet.
1358 1886 1474 1923 Velut

235 1946 329 1989 apud
361 1946 528 1982 Proclum
560 1956 641 1991 pag.
682 1948 869 1991 39,14-20
903 1945 995 1981 haec
1030 1944 1222 1990 disciplina
1256 1944 1474 1981 describitur

234 2007 346 2049 atque
371 2005 480 2050 paulo
507 2004 603 2041 infra
630 2015 713 2050 pag.
742 2009 890 2050 40‚2-5
917 2004 995 2041 sive
1022 2004 1060 2040 in
1085 2015 1160 2040 var.
1189 2004 1268 2040 coll.
1293 2004 1473 2049 capitibus

232 2064 297 2101 IX
316 2067 355 2100 et
373 2064 414 2099 X
440 2064 635 2100 manifesto
666 2064 869 2109 respicitur,
902 2066 944 2100 ut
969 2063 1141 2109 logistica
1166 2074 1226 2100 ars
1260 2074 1339 2100 cum
1368 2064 1473 2100 huius

234 2124 398 2169 exemplo
426 2126 660 2169 comparetur
678 2134 722 2159 ac
739 2127 841 2160 recte
861 2123 1071 2168 definiatur;
1099 2133 1185 2169 ergo
1205 2122 1473 2159 arithmeticam

233 2183 351 2227 ipsam
370 2185 481 2218 antea
498 2184 769 2227 pertractatam
787 2182 901 2218 fuisse
921 2185 1088 2226 apertum
1106 2184 1172 2218 est.
1213 2182 1299 2218 Huc
1317 2181 1471 2226 accedit,

235 2242 327 2286 quod
352 2241 506 2277 Proclus
532 2241 568 2277 in
596 2241 854 2278 commentario
882 2251 944 2277 suo
975 2251 1229 2285 nonnunquam
1262 2240 1341 2276 sine
1373 2239 1471 2275 iusta

236 2311 345 2337 causa
373 2300 421 2338 ad
447 2301 541 2338 hanc
560 2299 788 2346 disciplinam
810 2299 979 2343 recurrit,
1008 2299 1135 2346 quibus
1163 2299 1252 2336 locis
1270 2298 1347 2336 sine
1367 2298 1472 2337 dubio
