1721 2633
810 135 1051 167 -36-

314 229 439 265 citatis
480 229 670 266 docemur?
723 229 814 276 Quis
851 241 921 266 non
958 230 1084 266 videat
1118 232 1293 268 vocabulo
1328 234 1414 273 τινὲς
1447 231 1543 278 (pag.

312 291 457 340 277,2ξ1)
483 289 657 335 imprimis
682 289 831 335 Epicuri
858 291 1104 325 assectatores
1132 289 1354 336 significari?

411 348 542 395 Qualia
576 360 663 386 vero
699 349 852 385 Proclus
890 360 972 395 pag.
1005 353 1194 394 278,3-10
1228 350 1394 395 protulit,
1432 361 1472 386 re
1506 352 1545 386 et

310 407 472 444 veritate
491 409 537 443 ab
556 408 618 454 eis,
642 408 702 452 qui
722 409 921 454 geometris
939 408 1211 453 obtrectabant,
1231 409 1376 454 saepius
1393 410 1545 455 vulgata

311 478 392 503 esse
438 468 573 503 idcirco
610 467 760 504 idoneus
795 468 905 504 testis
942 471 999 504 est
1030 467 1164 505 Sextus
1196 468 1416 514 Empiricus,
1452 469 1545 514 quod

310 526 483 570 Epicurei
508 527 634 561 multis
660 527 697 561 in
724 528 834 562 rebus
852 538 932 563 cum
958 526 1130 571 scepticis
1158 527 1479 572 communicabant,
1504 530 1545 563 ut

309 585 546 631 geometriam
574 588 799 629 everterent3
833 586 934 622 cuius
959 587 1014 622 rei
1039 586 1286 623 testimonium
1313 596 1357 622 ex
1384 586 1545 622 eiusdem

309 644 402 680 libro
434 645 610 681 adversus
642 645 922 682 mathematicos
955 645 1159 691 conscripto
1191 656 1331 682 sumere
1361 645 1464 689 licet3
1500 645 1544 682 cf.

308 703 330 738 l.
356 705 378 739 I
409 706 429 748 ξ
458 708 474 738 1
504 715 586 750 pag.
616 708 683 739 599
711 705 754 741 B.
792 704 856 748 τὴν
890 704 978 748 πρὸς
1013 703 1094 746 τοὺς
1124 703 1194 739 ἀπὸ
1225 709 1298 739 τῶν
1326 705 1545 749 μαθημάτων

308 762 505 808 ἀντίῤῥησιν
531 764 734 809 κοινότερον
752 767 815 807 μὲν
834 767 1066 800 διατεθεῖσθαι
1085 766 1249 800 δοκοῦσιν
1275 766 1314 799 οῖ’
1328 777 1363 799 τε
1379 767 1456 809 περὶ
1483 764 1545 799 τὸν

308 822 513 867 Ἐπίκουρον
539 827 594 858 καὶ
621 825 653 858 οἱ
680 823 750 859 ἀπὸ
776 826 841 859 τοῦ
858 825 1052 868 Πύῤῥωνος
1076 829 1150 858 κτλ.
1195 825 1309 860 Porro
1335 824 1358 859 l.
1375 824 1439 860 III
1457 823 1478 871 ξ
1498 828 1542 859 98

305 893 388 928 pag.
426 886 492 917 717
528 883 572 919 B.
607 883 729 920 verbis
763 881 882 924 καθώς
915 886 972 917 καὶ
1006 885 1038 918 οἱ
1070 881 1298 927 Ἐπικούρειοί
1328 894 1432 926 φασιν
1464 883 1543 928 ipse

307 941 501 977 confitetur
527 953 566 978 se
586 953 665 978 cum
692 944 761 978 hac
788 946 891 979 secta
916 942 1060 978 facere..
1094 942 1166 989 Qui
1193 943 1349 987 scriptor
1366 943 1542 979 adversus

239 1018 243 1022 ·
306 1001 529 1045 geometriae
562 1002 745 1038 studiosos
777 1003 1011 1047 comprobare
1044 1002 1169 1038 studet
1195 1012 1268 1037 11011
1299 1002 1412 1037 solum
1437 1001 1543 1037 initia

305 1060 591 1097 mathematicae
618 1071 698 1097 esse
725 1061 834 1106 plane
852 1062 1003 1107 incerta,
1030 1063 1072 1096 ut
1095 1060 1185 1096 nihil
1211 1060 1398 1106 probabile
1425 1071 1470 1096 ex
1489 1060 1542 1097 eis

306 1119 497 1162 efficiatur,
527 1121 591 1157 sed
608 1132 654 1157 ne
681 1121 929 1157 conclusiones
957 1121 1099 1165 quidem
1118 1123 1220 1156 certa
1245 1120 1388 1157 ratione
1415 1121 1543 1157 deduci

304 1190 423 1225 posse,
460 1180 604 1216 etiamsi
635 1180 816 1226 principia
849 1191 930 1217 esse
960 1191 1050 1217 vera
1083 1180 1317 1216 concesseris.
1374 1179 1429 1216 Gt.
1458 1180 1542 1216 ibid.

304 1239 324 1273 l.
343 1239 407 1274 III
434 1238 455 1286 ξ
475 1242 519 1274 93
539 1250 622 1286 pag.
643 1243 711 1274 716
731 1240 785 1276 B.:
813 1238 907 1281 ὅμως
933 1242 969 1274 δὲ
994 1238 1285 1282 ἐπαγωνιζόμενοι
1309 1238 1542 1283 πειρασόμεθα

304 1297 490 1341 διδάσκειν,
528 1294 596 1344 ὅτι,
633 1298 698 1332 κᾶν
735 1301 806 1333 τῶν
842 1299 962 1343 ἀρχῶν
993 1297 1198 1339 ἀποστῶμεν
1230 1303 1301 1332 τῶν
1332 1300 1392 1341 τῆς
1417 1311 1541 1341 γεωμε-

304 1359 408 1401 τρίας,
441 1357 485 1392 οὐ
510 1358 674 1393 δύνανται
701 1358 868 1403 θεώρημα
895 1362 1056 1402 συστῆσαι
1083 1359 1115 1392 οἱ
1141 1358 1330 1402 γεωμέτραι
1356 1355 1430 1392 οὐδ’
1457 1356 1542 1392 ἀπο-

305 1419 420 1462 δεῖξαι,
456 1418 549 1461 quod
585 1418 679 1454 idem
705 1418 727 1453 l.
753 1419 817 1454 ΠΙ
842 1417 863 1465 ξ
894 1421 960 1453 108
997 1418 1239 1454 confirmatur.
1291 1417 1382 1453 'I'um
1409 1417 1541 1454 Sextus

303 1476 340 1512 in
375 1476 439 1522 eis,
475 1488 568 1522 quae
603 1479 871 1522 subsequuntur
896 1477 953 1522 (cf.
980 1477 1065 1513 ibid.
1093 1477 1115 1512 l.
1132 1477 1196 1513 III
1221 1478 1241 1522 ξ
1268 1479 1362 1521 109),
1398 1480 1440 1512 ut
1474 1478 1542 1513 hoc

303 1536 486 1572 decretum
505 1538 688 1582 probaret,
708 1537 755 1572 ad
768 1537 864 1573 idem
881 1537 1068 1582 problema
1085 1537 1250 1582 recurrit,
1269 1547 1291 1572 a
1305 1547 1374 1581 quo
1388 1536 1541 1572 Proclus

299 1605 383 1641 pag.
403 1599 472 1630 278
501 1595 645 1632 initium
671 1596 770 1642 fecit,
798 1596 943 1633 scilicet
973 1596 1119 1638 „datam
1145 1598 1286 1632 rectam
1313 1597 1359 1632 ab
1386 1598 1540 1641 utraque

302 1657 412 1700 parte
438 1656 672 1692 terminatam
698 1656 736 1692 in
763 1656 854 1693 duas
881 1659 1008 1702 partes
1036 1656 1207 1701 aequales
1235 1655 1426 1693 dividere.“
1483 1655 1539 1692 Of.

297 1715 402 1750 Eucl.
422 1716 538 1751 Elem.
565 1716 589 1751 1.
616 1717 636 1752 Ι
662 1727 761 1762 prop.
785 1718 829 1751 10
856 1716 956 1764 (tom.
976 1717 997 1751 I
1014 1727 1097 1762 pag.
1118 1719 1162 1750 30
1182 1715 1316 1762 Heib.).
1359 1714 1540 1752 Continuo

301 1776 425 1810 autem
457 1775 553 1819 apud
585 1778 776 1821 utrumque
809 1776 1025 1821 scriptorem
1059 1775 1207 1811 eaedem
1236 1784 1370 1811 causae
1396 1775 1540 1811 ratione

299 1833 390 1869 nihil
427 1834 574 1871 diversa
608 1835 849 1880 proferuntur.
913 1835 1111 1880 Compares
1147 1833 1257 1871 velim
1291 1834 1404 1871 verba
1436 1833 1541 1871 Sexti

300 1893 402 1938 Emp.
444 1894 525 1930 adv.
565 1895 734 1930 mathem.
775 1895 800 1931 l.
828 1895 892 1930 III
933 1894 953 1941 ξ
993 1897 1071 1940 110,
1106 1897 1171 1928 111
1205 1904 1287 1939 pag.
1325 1895 1394 1928 720
1424 1894 1467 1929 Β.
1504 1895 1541 1929 et

301 1952 423 1988 Procli
448 1964 533 1999 pag.
555 1957 760 1999 278‚3-10;
788 1965 876 1999 quos
902 1954 1012 1995 locos,
1039 1957 1082 1990 ut
1109 1955 1192 1989 sunt
1213 1954 1320 1998 paulo
1346 1952 1539 1998 longiores,

303 2011 362 2047 hic
396 2023 467 2048 11011
500 2024 712 2059 proponam,
746 2014 811 2049 sed
843 2014 946 2050 brevi
978 2004 1164 2058 explicem,
1198 2024 1267 2057 quo
1294 2012 1430 2049 clarius
1457 2023 1539 2048 con-

303 2071 472 2116 gruentia
492 2072 647 2109 eluceat.
692 2073 856 2118 Uterque
876 2072 969 2109 enim
989 2072 1042 2108 sic
1060 2071 1172 2108 ferme
1200 2082 1279 2108 cum
1298 2071 1416 2108 animo
1434 2081 1538 2117 repu-

302 2131 417 2168 tavit:
460 2132 491 2170 si
516 2133 850 2176 rectaterminata
881 2132 918 2169 in
951 2132 1130 2169 infinitum
1163 2132 1273 2170 dividi
1307 2142 1378 2169 non
1402 2134 1537 2177 potest,

299 2191 466 2237 profecto
508 2204 553 2229 ex
594 2192 750 2229 minimis
786 2204 879 2238 quae
921 2192 1097 2229 dissecari
1131 2194 1313 2237 nequeunt
1346 2191 1539 2237 particulis

300 2249 439 2298 (ἀμερῆ)
468 2253 670 2299 composita
697 2256 770 2290 est:
804 2263 955 2298 quarum
987 2263 1155 2289 numerus
1187 2251 1219 2289 si
1245 2253 1302 2289 est
1327 2261 1404 2298 par,
1435 2253 1539 2289 recta

304 2312 419 2349 facile
447 2312 639 2359 dividitur3
678 2313 735 2350 sin
761 2316 819 2350 est
843 2314 970 2360 impar,
997 2313 1109 2351 dividi
1134 2323 1207 2350 non
1229 2313 1367 2359 potest;
1397 2323 1481 2349 nam
1506 2312 1539 2350 si
