1721 2633
717 94 956 126 -49—

321 188 439 236 Quam
466 188 669 236 elegantem
700 189 886 227 doctrinae
912 189 1090 227 rationem
1117 189 1291 236 quomodo
1317 188 1456 227 stoicus

222 249 285 284 ille
317 248 485 294 intellegi
516 249 623 289 velit,
657 260 703 285 ex
732 260 774 285 eo
804 249 883 285 loco
914 249 1011 295 (pag.
1045 254 1100 294 26,
1116 254 1151 282 10
1184 249 1237 297 ss)
1265 260 1374 295 supra
1408 249 1457 285 ad

221 307 351 343 librum
390 306 643 343 Geminianum
679 308 847 354 relegato
884 308 993 353 plane
1027 308 1257 354 perspicitur,
1302 319 1370 353 quo
1411 307 1456 343 de

222 366 369 403 notione
394 365 414 411 ἡ
441 361 513 401 τῶν
529 366 748 411 μαθημάτων
773 365 866 409 τάξις
882 368 996 404 verba
1013 367 1122 413 facit3
1155 367 1247 404 haec
1265 367 1358 404 enim
1384 377 1455 403 nou

223 425 512 461 distributionem
538 426 575 460 in
601 426 765 471 singulas
792 426 1013 471 disciplinas,
1042 427 1107 462 sed
1125 430 1336 462 accuratam
1362 426 1455 461 ordi-

222 484 334 520 nandi
358 484 418 522 vel
444 484 658 530 disponendi
683 484 873 531 rationem,
905 496 976 530 qua
1001 485 1263 522 mathematica
1289 484 1455 521 doctrina

223 543 356 578 ceteris
383 544 524 579 artibus
549 546 726 589 praestat,
752 543 915 588 profecto
950 544 1148 590 significat,
1184 545 1279 588 quod
1313 544 1456 588 quidem

222 600 450 647 intellegitur
467 612 551 648 pag.
573 605 629 647 26,
645 606 760 635 13-15
778 605 855 645 τρία
872 600 937 645 γὰρ
956 606 1062 636 ταῦτα
1090 601 1325 646 διαφερόντως
1347 604 1402 635 καὶ
1420 602 1456 635 ἐν

223 667 293 701 τοῖς
325 659 457 702 σώμασι
476 663 533 695 καὶ
550 661 587 695 ἐν
610 669 684 702 ταῖς
701 668 830 704 ψυχαῖς
847 659 888 695 τὸ
907 660 1033 703 κάλλος
1050 660 1239 703 ἀποτελεῖν,
1267 660 1331 704 τὴν
1348 660 1455 703 τάξιν,

223 717 286 762 τὴν
303 722 524 763 συμμετρίαν,
553 718 592 754 τὸ
610 718 803 764 ὡρισμένον
821 722 859 755 et
876 720 1065 765 praecipue
1082 731 1190 766 pagg.
1212 723 1349 761 2633-
1369 722 1426 759 27,
1442 724 1455 751 1

223 780 452 824 (θεωροῦμεν)
480 778 542 823 τὴν
567 781 629 820 μὲν
655 778 752 822 τάξιν
778 779 815 814 έν
840 783 882 822 τῇ
908 780 980 814 τῶν
997 780 1169 824 δευτέρων
1192 778 1241 814 ἀεὶ
1267 782 1323 813 καὶ
1347 791 1456 814 ποικι-

223 838 386 881 λωτέρων
412 836 480 872 ἀπὸ
498 839 572 872 τῶν
589 838 740 881 πρώτων
758 840 813 872 καὶ
832 837 1077 880 ἁπλουστέρων
1095 838 1251 880 ἐκφὰνσει
1273 860 1314 865 -
1334 838 1456 881 συνήρ-

223 908 320 938 τηται
346 894 410 939 γὰρ
438 895 486 930 ἀεὶ
517 895 558 930 τὰ
583 895 733 937 ἑπόμενα
765 904 838 937 τοῖς
867 896 1076 940 ἔμπροσθεν,
1116 899 1171 930 καὶ
1197 895 1240 930 τὰ
1264 898 1327 937 μὲν
1353 896 1458 940 ἀρχῆς

223 955 289 998 ἔχει
308 954 424 998 λόγον,
453 954 493 989 τὰ
520 958 555 990 δὲ
582 958 655 990 τῶν
680 956 859 997 ἑπομένων
885 964 960 996 ταῖς
984 955 1139 999 πρώταις
1156 954 1359 989 ὑποθέσεσιν
1384 959 1456 989 κτλ..

322 1014 412 1050 Cum
438 1017 561 1051 autem
588 1014 826 1061 congruentia
852 1014 1131 1059 aequalitasque
1156 1014 1253 1050 inter
1279 1025 1333 1059 ea,
1365 1024 1456 1058 quae

224 1073 472 1110 demonstrata
491 1076 587 1120 sunt,
614 1073 648 1118 (ἡ
674 1072 876 1121 συμμετρία)
904 1076 942 1110 et
969 1073 1128 1109 definitio
1156 1072 1457 1118 circumscriptio-

224 1142 291 1176 que
329 1143 448 1168 rerum
488 1132 827 1169 mathematicamm
872 1131 926 1176 (τὸ
965 1131 1174 1179 ὡρισμένον)
1213 1132 1272 1168 hic
1311 1131 1459 1168 minoris

185 1211 189 1217 ·
223 1191 393 1227 momenti
428 1191 518 1232 sint,
557 1191 640 1227 illas
674 1191 917 1236 proprietates
943 1191 1058 1227 minus
1085 1201 1265 1235 curemus;
1305 1193 1345 1226 at
1372 1191 1459 1226 ordo

222 1250 502 1286 mathematicae
529 1249 581 1286 sic
599 1250 793 1286 secundum
813 1250 959 1287 Gemini
977 1250 1236 1286 auctoritatem
1255 1249 1459 1286 describen-

224 1308 290 1344 dus
305 1311 370 1353 est,
388 1311 428 1343 ut
441 1308 478 1343 in
492 1309 562 1343 hac
577 1311 656 1344 arte
672 1308 719 1349 id,
740 1308 834 1352 quod
852 1308 1001 1352 simplex
1019 1312 1087 1353 est,
1105 1319 1247 1353 semper
1261 1309 1460 1344 antecedat

225 1366 268 1412 ei,
288 1366 382 1411 quod
395 1366 576 1403 difficilius
596 1369 670 1411 est;
698 1377 784 1412 ergo
798 1366 1077 1402 mathematicus
1089 1366 1180 1402 nihil
1198 1367 1293 1403 sicco
1311 1367 1402 1411 pede
1419 1369 1460 1402 ut

224 1425 327 1461 aiunt
357 1426 521 1461 transilit
556 1436 672 1470 neque
708 1426 755 1461 ad
786 1425 858 1461 alia
888 1426 1068 1470 procedit,
1105 1425 1175 1461 nisi
1209 1425 1329 1471 initia,
1365 1425 1459 1461 unde

223 1484 473 1530 proficiscitur,
498 1495 645 1530 prorsus
671 1484 839 1521 stabilita
864 1486 959 1520 sunt.
998 1485 1130 1528 Itaque
1156 1484 1217 1520 vel
1244 1484 1339 1529 inde,
1367 1484 1460 1528 quod

222 1543 312 1580 talis
338 1544 423 1581 ordo
451 1544 498 1580 ad
523 1543 826 1590 pulchritudinem
850 1543 1036 1580 doctrinae
1055 1543 1287 1580 efficiendam
1306 1542 1460 1580 Gemino

224 1605 373 1639 auctore
400 1604 615 1648 permultum
632 1604 745 1647 valet,
774 1603 881 1638 facile
899 1603 1118 1648 perspicitur
1133 1603 1350 1639 vocabulum
1368 1602 1462 1644 τάξις

223 1661 291 1697 hoc
316 1661 396 1697 loco
428 1661 523 1698 idem
547 1661 753 1706 significare
784 1663 894 1705 atque
920 1661 1104 1697 notionem
1131 1659 1277 1703 εὐταξία,
1313 1660 1397 1705 quia
1423 1661 1462 1696 in

222 1720 287 1756 illa
314 1724 396 1756 arte
423 1720 542 1756 omnia
567 1722 659 1756 bene
687 1720 885 1765 composita
912 1722 1024 1764 atque
1051 1719 1220 1756 ordinata
1247 1722 1341 1756 sunt.

322 1779 437 1825 Quam
471 1779 812 1824 interpretationem
846 1790 1074 1823 nequaquam
1111 1790 1133 1814 a
1168 1778 1346 1815 communi
1379 1789 1460 1814 ver—

223 1839 346 1874 borum
371 1849 439 1874 usu
466 1838 671 1884 discrepare
697 1838 824 1883 paucis
851 1838 1081 1884 testimoniis,
1109 1848 1201 1882 quae
1219 1837 1394 1883 imprimis
1413 1838 1461 1874 ad

223 1898 520 1936 mathematicam
547 1898 774 1943 pertineant,
811 1898 1124 1934 demonstraturus
1151 1908 1238 1933 sum.
1290 1897 1464 1942 Legimus

225 1957 321 2002 apud
337 1956 580 1993 Aristotelem
605 1957 649 1992 de
676 1956 775 1992 coelo
802 1967 886 2002 pag.
909 1959 1061 1993 296a33
1086 1955 1106 2000 ἡ
1129 1958 1194 1991 τοῦ
1212 1956 1345 1997 κόσμου
1372 1956 1464 1998 τάξις

224 2015 332 2057 ἀΐδιος
374 2016 484 2056 ἐστιν,·
522 2016 711 2052 Meteorol.
746 2016 768 2052 l.
796 2017 817 2052 I
843 2027 926 2062 pag.
962 2020 1057 2053 351a
1071 2022 1107 2051 25
1134 2015 1222 2051 κατά
1256 2028 1332 2050 τινα
1366 2014 1464 2057 τάξιν

231 2077 380 2117 νομίζειν
414 2073 479 2118 χρὴ
515 2079 623 2108 ταῦτα
655 2078 830 2117 γίγνεσθαι
865 2077 922 2108 καὶ
951 2077 1123 2119 περίοδον.
1176 2076 1306 2111 Eutoo.
1340 2085 1461 2110 comm.

225 2134 263 2171 in
291 2133 451 2170 Archim.
479 2133 523 2170 de
558 2134 716 2179 sphaera
743 2137 780 2170 et
808 2133 875 2180 cyl.
901 2134 924 2169 l.
949 2134 992 2170 II
1015 2136 1114 2179 (tom.
1139 2133 1203 2169 III
1225 2143 1308 2179 pag.
1330 2135 1461 2179 146,ae

225 2192 349 2240 Heib.)
382 2195 414 2227 οἱ
445 2192 532 2227 κατὰ
558 2192 598 2227 τὸ
623 2193 700 2236 ἑξῆς
725 2196 872 2234 κείμενοι
905 2191 983 2237 ὅροι
1009 2193 1194 2237 ἀρχόμενοι
1221 2192 1290 2227 ἀπὸ
1317 2191 1461 2236 πρώτου

224 2255 280 2287 καὶ
314 2252 475 2297 λήγοντες
509 2253 554 2293 εἰς
589 2250 652 2286 τὸν
682 2251 831 2295 ἔσχατον
859 2253 900 2295 τῇ
928 2251 1017 2287 κατὰ
1043 2251 1124 2293 τοὺς
1149 2252 1335 2294 ἐχομένους
1360 2250 1461 2293 τάξει.

1247 2311 1267 2340 4
