<?xml version="1.0" encoding="UTF-8"?>
<!DOCTYPE html PUBLIC "-//W3C//DTD XHTML 1.0 Transitional//EN"
    "http://www.w3.org/TR/xhtml1/DTD/xhtml1-transitional.dtd">
<html xmlns="http://www.w3.org/1999/xhtml" xml:lang="en" lang="en">
 <head>
  <title>
</title>
<meta http-equiv="Content-Type" content="text/html;charset=utf-8" />
  <meta name='ocr-system' content='tesseract 3.04.00' />
  <meta name='ocr-capabilities' content='ocr_page ocr_carea ocr_par ocr_line ocrx_word'/>
</head>
<body>
  <div class='ocr_page' id='page_1' title='image "4771752_0036.png"; bbox 0 0 1721 2633; ppageno 0'>
   <div class='ocr_carea' id='block_1_1' title="bbox 735 113 976 145">
    <p class='ocr_par' dir='ltr' id='par_1_1' title="bbox 735 113 976 145">
     <span class='ocr_line' id='line_1_1' title="bbox 735 113 976 145; baseline 0.004 -8"><span class='ocrx_word' id='word_1_1' title='bbox 735 113 976 145; x_wconf 72' lang='lat'>-30-</span> 
     </span>
    </p>
   </div>
   <div class='ocr_carea' id='block_1_2' title="bbox 234 209 1519 1908">
    <p class='ocr_par' dir='ltr' id='par_1_2' title="bbox 234 209 1473 550">
     <span class='ocr_line' id='line_1_2' title="bbox 335 209 1470 255; baseline 0.001 -9"><span class='ocrx_word' id='word_1_2' title='bbox 335 211 465 255; x_wconf 84' lang='lat' dir='ltr'>Neque</span> <span class='ocrx_word' id='word_1_3' title='bbox 499 220 586 246; x_wconf 88' lang='lat' dir='ltr'>vero</span> <span class='ocrx_word' id='word_1_4' title='bbox 621 209 807 246; x_wconf 79' lang='lat' dir='ltr'>Platonici</span> <span class='ocrx_word' id='word_1_5' title='bbox 847 212 977 246; x_wconf 85' lang='lat' dir='ltr'>auctor</span> <span class='ocrx_word' id='word_1_6' title='bbox 1010 209 1047 245; x_wconf 95' lang='lat' dir='ltr'>in</span> <span class='ocrx_word' id='word_1_7' title='bbox 1083 209 1291 247; x_wconf 88' lang='lat' dir='ltr'>discrimine</span> <span class='ocrx_word' id='word_1_8' title='bbox 1326 211 1470 247; x_wconf 87' lang='lat' dir='ltr'>theore-</span> 
     </span>
     <span class='ocr_line' id='line_1_3' title="bbox 240 268 1470 315; baseline 0.001 -10"><span class='ocrx_word' id='word_1_9' title='bbox 240 273 377 305; x_wconf 80' lang='lat' dir='ltr'><strong>matum</strong></span> <span class='ocrx_word' id='word_1_10' title='bbox 412 269 748 314; x_wconf 90' lang='lat' dir='ltr'>problematumque</span> <span class='ocrx_word' id='word_1_11' title='bbox 783 268 1007 315; x_wconf 78' lang='lat' dir='ltr'>generaliter</span> <span class='ocrx_word' id='word_1_12' title='bbox 1041 268 1241 305; x_wconf 88' lang='lat' dir='ltr'>definiendo</span> <span class='ocrx_word' id='word_1_13' title='bbox 1276 269 1470 315; x_wconf 75' lang='lat' dir='ltr'>acquievit,</span> 
     </span>
     <span class='ocr_line' id='line_1_4' title="bbox 236 327 1472 374; baseline -0.001 -10"><span class='ocrx_word' id='word_1_14' title='bbox 236 329 302 364; x_wconf 80' lang='lat' dir='ltr'>sed</span> <span class='ocrx_word' id='word_1_15' title='bbox 344 328 392 364; x_wconf 90' lang='lat' dir='ltr'>ad</span> <span class='ocrx_word' id='word_1_16' title='bbox 435 328 599 374; x_wconf 86' lang='lat' dir='ltr'>singulas</span> <span class='ocrx_word' id='word_1_17' title='bbox 642 338 763 363; x_wconf 90' lang='lat' dir='ltr'>eorum</span> <span class='ocrx_word' id='word_1_18' title='bbox 807 328 947 373; x_wconf 87' lang='lat' dir='ltr'>species</span> <span class='ocrx_word' id='word_1_19' title='bbox 991 327 1195 374; x_wconf 85' lang='lat' dir='ltr'>descendit,</span> <span class='ocrx_word' id='word_1_20' title='bbox 1245 329 1348 365; x_wconf 89' lang='lat' dir='ltr'>velut</span> <span class='ocrx_word' id='word_1_21' title='bbox 1389 339 1472 374; x_wconf 86' lang='lat' dir='ltr'>pag.</span> 
     </span>
     <span class='ocr_line' id='line_1_5' title="bbox 237 386 1471 430; baseline 0 -9"><span class='ocrx_word' id='word_1_22' title='bbox 237 390 368 428; x_wconf 82' lang='lat'>395,14</span> <span class='ocrx_word' id='word_1_23' title='bbox 394 397 431 422; x_wconf 87' lang='lat' dir='ltr'>ss</span> <span class='ocrx_word' id='word_1_24' title='bbox 476 387 610 422; x_wconf 89' lang='lat' dir='ltr'>iterum</span> <span class='ocrx_word' id='word_1_25' title='bbox 657 386 816 430; x_wconf 81' lang='lat' dir='ltr'>priorum</span> <span class='ocrx_word' id='word_1_26' title='bbox 863 386 1022 423; x_wconf 84' lang='lat' dir='ltr'>virorum</span> <span class='ocrx_word' id='word_1_27' title='bbox 1062 388 1247 423; x_wconf 88' lang='lat' dir='ltr'>doctorum</span> <span class='ocrx_word' id='word_1_28' title='bbox 1293 387 1471 422; x_wconf 90' lang='lat' dir='ltr'>rationem</span> 
     </span>
     <span class='ocr_line' id='line_1_6' title="bbox 234 445 1473 491; baseline -0.001 -10"><span class='ocrx_word' id='word_1_29' title='bbox 234 446 365 481; x_wconf 87' lang='lat' dir='ltr'>habuit</span> <span class='ocrx_word' id='word_1_30' title='bbox 401 449 512 490; x_wconf 89' lang='lat' dir='ltr'>atque</span> <span class='ocrx_word' id='word_1_31' title='bbox 549 446 782 481; x_wconf 85' lang='lat' dir='ltr'>theoremata</span> <span class='ocrx_word' id='word_1_32' title='bbox 818 445 941 490; x_wconf 86' lang='lat' dir='ltr'>topica</span> <span class='ocrx_word' id='word_1_33' title='bbox 977 456 1000 481; x_wconf 89' lang='lat' dir='ltr'>a</span> <span class='ocrx_word' id='word_1_34' title='bbox 1026 445 1230 491; x_wconf 83' lang='lat' dir='ltr'>Chrysippo</span> <span class='ocrx_word' id='word_1_35' title='bbox 1267 456 1346 481; x_wconf 87' lang='lat' dir='ltr'>cum</span> <span class='ocrx_word' id='word_1_36' title='bbox 1380 445 1473 481; x_wconf 89' lang='lat' dir='ltr'>ideis</span> 
     </span>
     <span class='ocr_line' id='line_1_7' title="bbox 237 504 979 550; baseline -0.001 -9"><span class='ocrx_word' id='word_1_37' title='bbox 237 508 449 550; x_wconf 89' lang='lat' dir='ltr'>comparata</span> <span class='ocrx_word' id='word_1_38' title='bbox 475 515 558 540; x_wconf 86' lang='lat' dir='ltr'>esse</span> <span class='ocrx_word' id='word_1_39' title='bbox 589 504 783 540; x_wconf 84' lang='lat' dir='ltr'>memoriae</span> <span class='ocrx_word' id='word_1_40' title='bbox 808 505 979 549; x_wconf 87' lang='lat' dir='ltr'>prodidit.</span> 
     </span>
    </p>

    <p class='ocr_par' dir='ltr' id='par_1_3' title="bbox 234 563 1475 964">
     <span class='ocr_line' id='line_1_8' title="bbox 336 563 1473 608; baseline -0.003 -8"><span class='ocrx_word' id='word_1_41' title='bbox 336 564 410 600; x_wconf 84' lang='lat' dir='ltr'>Sed</span> <span class='ocrx_word' id='word_1_42' title='bbox 443 563 681 607; x_wconf 82' lang='lat' dir='ltr'>respiciamus</span> <span class='ocrx_word' id='word_1_43' title='bbox 717 573 775 608; x_wconf 85' lang='lat' dir='ltr'>ea,</span> <span class='ocrx_word' id='word_1_44' title='bbox 812 574 904 607; x_wconf 89' lang='lat' dir='ltr'>quae</span> <span class='ocrx_word' id='word_1_45' title='bbox 930 564 1056 608; x_wconf 86' lang='lat' dir='ltr'>paucis</span> <span class='ocrx_word' id='word_1_46' title='bbox 1081 564 1299 600; x_wconf 83' lang='lat' dir='ltr'>intermissis</span> <span class='ocrx_word' id='word_1_47' title='bbox 1326 566 1473 598; x_wconf 84' lang='lat' dir='ltr'>antece-</span> 
     </span>
     <span class='ocr_line' id='line_1_9' title="bbox 236 620 1473 669; baseline -0.002 -9"><span class='ocrx_word' id='word_1_48' title='bbox 236 624 341 660; x_wconf 85' lang='lat' dir='ltr'>dunt:</span> <span class='ocrx_word' id='word_1_49' title='bbox 373 623 458 659; x_wconf 83' lang='lat' dir='ltr'>inde</span> <span class='ocrx_word' id='word_1_50' title='bbox 486 633 508 658; x_wconf 84' lang='lat' dir='ltr'>a</span> <span class='ocrx_word' id='word_1_51' title='bbox 534 622 658 658; x_wconf 82' lang='lat' dir='ltr'>verbis</span> <span class='ocrx_word' id='word_1_52' title='bbox 684 625 757 657; x_wconf 74' lang='lat' dir='ltr'>xat&#39;</span> <span class='ocrx_word' id='word_1_53' title='bbox 786 620 894 666; x_wconf 77' lang='grc' dir='ltr'><em>ἄλλην</em></span> <span class='ocrx_word' id='word_1_54' title='bbox 920 623 1086 667; x_wconf 75' lang='grc' dir='ltr'><em>διάκρισιν</em></span> <span class='ocrx_word' id='word_1_55' title='bbox 1112 625 1208 669; x_wconf 88' lang='lat' dir='ltr'>(pag.</span> <span class='ocrx_word' id='word_1_56' title='bbox 1236 621 1385 668; x_wconf 24' lang='grc'>394,145)</span> <span class='ocrx_word' id='word_1_57' title='bbox 1414 621 1473 657; x_wconf 81' lang='lat' dir='ltr'>de-</span> 
     </span>
     <span class='ocr_line' id='line_1_10' title="bbox 234 681 1473 728; baseline -0.005 -9"><span class='ocrx_word' id='word_1_58' title='bbox 234 682 490 728; x_wconf 87' lang='lat' dir='ltr'>prehendimus</span> <span class='ocrx_word' id='word_1_59' title='bbox 517 682 673 717; x_wconf 90' lang='lat' dir='ltr'>eundem</span> <span class='ocrx_word' id='word_1_60' title='bbox 701 683 934 718; x_wconf 90' lang='lat' dir='ltr'>theoremata</span> <span class='ocrx_word' id='word_1_61' title='bbox 970 682 1024 717; x_wconf 90' lang='lat' dir='ltr'>sic</span> <span class='ocrx_word' id='word_1_62' title='bbox 1051 682 1318 728; x_wconf 87' lang='lat' dir='ltr'>disiungentem</span> <span class='ocrx_word' id='word_1_63' title='bbox 1344 681 1385 715; x_wconf 86' lang='grc' dir='ltr'>τὰ</span> <span class='ocrx_word' id='word_1_64' title='bbox 1411 683 1473 721; x_wconf 76' lang='grc' dir='ltr'>μὲν</span> 
     </span>
     <span class='ocr_line' id='line_1_11' title="bbox 235 738 1475 787; baseline -0.001 -12"><span class='ocrx_word' id='word_1_65' title='bbox 235 742 320 775; x_wconf 80' lang='grc' dir='ltr'><em>εἶναι</em></span> <span class='ocrx_word' id='word_1_66' title='bbox 338 740 463 774; x_wconf 86' lang='grc' dir='ltr'><em>τοπικά</em></span> <span class='ocrx_word' id='word_1_67' title='bbox 483 753 607 783; x_wconf 79' lang='grc' dir='ltr'><em>φαμεν,</em></span> <span class='ocrx_word' id='word_1_68' title='bbox 630 740 673 773; x_wconf 88' lang='grc' dir='ltr'>τὰ</span> <span class='ocrx_word' id='word_1_69' title='bbox 691 742 727 774; x_wconf 73' lang='grc' dir='ltr'>δὲ</span> <span class='ocrx_word' id='word_1_70' title='bbox 746 738 800 781; x_wconf 80' lang='grc' dir='ltr'>οὔ,</span> <span class='ocrx_word' id='word_1_71' title='bbox 819 751 913 784; x_wconf 83' lang='lat' dir='ltr'>quae</span> <span class='ocrx_word' id='word_1_72' title='bbox 933 740 1112 776; x_wconf 78' lang='lat' dir='ltr'>ordinatio</span> <span class='ocrx_word' id='word_1_73' title='bbox 1130 740 1268 787; x_wconf 76' lang='lat' dir='ltr'>infra*)</span> <span class='ocrx_word' id='word_1_74' title='bbox 1285 740 1475 776; x_wconf 76' lang='lat' dir='ltr'>illustrata</span> 
     </span>
     <span class='ocr_line' id='line_1_12' title="bbox 236 798 1475 844; baseline -0.002 -9"><span class='ocrx_word' id='word_1_75' title='bbox 236 811 317 836; x_wconf 90' lang='lat' dir='ltr'>eum</span> <span class='ocrx_word' id='word_1_76' title='bbox 349 800 386 835; x_wconf 92' lang='lat' dir='ltr'>in</span> <span class='ocrx_word' id='word_1_77' title='bbox 417 799 561 835; x_wconf 90' lang='lat' dir='ltr'>modum</span> <span class='ocrx_word' id='word_1_78' title='bbox 594 802 806 844; x_wconf 90' lang='lat' dir='ltr'>comparata</span> <span class='ocrx_word' id='word_1_79' title='bbox 834 802 907 841; x_wconf 87' lang='lat' dir='ltr'>est,</span> <span class='ocrx_word' id='word_1_80' title='bbox 939 803 981 834; x_wconf 90' lang='lat' dir='ltr'>ut</span> <span class='ocrx_word' id='word_1_81' title='bbox 1012 799 1110 835; x_wconf 92' lang='lat' dir='ltr'>illius</span> <span class='ocrx_word' id='word_1_82' title='bbox 1137 799 1340 835; x_wconf 86' lang='lat' dir='ltr'>auctoritas</span> <span class='ocrx_word' id='word_1_83' title='bbox 1366 798 1475 834; x_wconf 85' lang='lat' dir='ltr'>facile</span> 
     </span>
     <span class='ocr_line' id='line_1_13' title="bbox 235 857 1475 903; baseline -0.002 -9"><span class='ocrx_word' id='word_1_84' title='bbox 235 860 493 903; x_wconf 86' lang='lat' dir='ltr'>pernoscatur,</span> <span class='ocrx_word' id='word_1_85' title='bbox 532 858 615 893; x_wconf 90' lang='lat' dir='ltr'>dum</span> <span class='ocrx_word' id='word_1_86' title='bbox 651 858 805 902; x_wconf 87' lang='lat' dir='ltr'>exempli</span> <span class='ocrx_word' id='word_1_87' title='bbox 836 858 957 893; x_wconf 88' lang='lat' dir='ltr'>instar</span> <span class='ocrx_word' id='word_1_88' title='bbox 987 858 1164 893; x_wconf 90' lang='lat' dir='ltr'>linearum</span> <span class='ocrx_word' id='word_1_89' title='bbox 1204 857 1475 903; x_wconf 91' lang='lat' dir='ltr'>dispositionem</span> 
     </span>
     <span class='ocr_line' id='line_1_14' title="bbox 236 916 999 964; baseline -0.001 -11"><span class='ocrx_word' id='word_1_90' title='bbox 236 917 335 964; x_wconf 88' lang='lat' dir='ltr'>(pag.</span> <span class='ocrx_word' id='word_1_91' title='bbox 368 921 479 958; x_wconf 85' lang='lat'>111‚9</span> <span class='ocrx_word' id='word_1_92' title='bbox 503 916 556 963; x_wconf 87' lang='lat' dir='ltr'>ss)</span> <span class='ocrx_word' id='word_1_93' title='bbox 584 923 760 952; x_wconf 88' lang='lat' dir='ltr'>accurate</span> <span class='ocrx_word' id='word_1_94' title='bbox 786 917 999 962; x_wconf 86' lang='lat' dir='ltr'>perpendas.</span> 
     </span>
    </p>

    <p class='ocr_par' dir='ltr' id='par_1_4' title="bbox 235 973 1519 1908">
     <span class='ocr_line' id='line_1_15' title="bbox 336 973 1476 1021; baseline -0.003 -8"><span class='ocrx_word' id='word_1_95' title='bbox 336 978 451 1013; x_wconf 87' lang='lat' dir='ltr'>Porro</span> <span class='ocrx_word' id='word_1_96' title='bbox 477 978 570 1013; x_wconf 85' lang='lat' dir='ltr'>haec</span> <span class='ocrx_word' id='word_1_97' title='bbox 594 973 770 1012; x_wconf 89' lang='lat' dir='ltr'>linearum</span> <span class='ocrx_word' id='word_1_98' title='bbox 801 977 838 1012; x_wconf 91' lang='lat' dir='ltr'>in</span> <span class='ocrx_word' id='word_1_99' title='bbox 866 976 990 1012; x_wconf 91' lang='lat' dir='ltr'>solidis</span> <span class='ocrx_word' id='word_1_100' title='bbox 1025 976 1288 1021; x_wconf 86' lang='lat' dir='ltr'>descriptarum</span> <span class='ocrx_word' id='word_1_101' title='bbox 1315 974 1476 1013; x_wconf 90' lang='lat' dir='ltr'>definitio</span> 
     </span>
     <span class='ocr_line' id='line_1_16' title="bbox 236 1032 1477 1081; baseline -0.001 -11"><span class='ocrx_word' id='word_1_102' title='bbox 236 1039 366 1080; x_wconf 81' lang='grc' dir='ltr'><em>στερεαὶ</em></span> <span class='ocrx_word' id='word_1_103' title='bbox 394 1038 563 1079; x_wconf 80' lang='grc' dir='ltr'><em>(γραμμαί</em></span> <span class='ocrx_word' id='word_1_104' title='bbox 587 1035 701 1081; x_wconf 80' lang='grc' dir='ltr'><em>εἰσιν),</em></span> <span class='ocrx_word' id='word_1_105' title='bbox 737 1032 789 1069; x_wconf 77' lang='grc' dir='ltr'>ὧν</span> <span class='ocrx_word' id='word_1_106' title='bbox 822 1033 842 1078; x_wconf 84' lang='grc' dir='ltr'>ἡ</span> <span class='ocrx_word' id='word_1_107' title='bbox 877 1036 1032 1078; x_wconf 79' lang='grc' dir='ltr'><em>γένεσις</em></span> <span class='ocrx_word' id='word_1_108' title='bbox 1065 1035 1101 1069; x_wconf 79' lang='grc' dir='ltr'>ἔκ</span> <span class='ocrx_word' id='word_1_109' title='bbox 1141 1048 1233 1076; x_wconf 83' lang='grc' dir='ltr'><em>τινος</em></span> <span class='ocrx_word' id='word_1_110' title='bbox 1266 1039 1371 1078; x_wconf 85' lang='grc' dir='ltr'><em>τομῆς</em></span> <span class='ocrx_word' id='word_1_111' title='bbox 1396 1033 1477 1069; x_wconf 82' lang='grc' dir='ltr'><em>ἀνα-</em></span> 
     </span>
     <span class='ocr_line' id='line_1_17' title="bbox 235 1092 1477 1139; baseline -0.002 -10"><span class='ocrx_word' id='word_1_112' title='bbox 235 1098 389 1137; x_wconf 82' lang='grc' dir='ltr'><em>φαίνεται</em></span> <span class='ocrx_word' id='word_1_113' title='bbox 417 1096 559 1139; x_wconf 81' lang='grc' dir='ltr'><em>στερεοῦ</em></span> <span class='ocrx_word' id='word_1_114' title='bbox 578 1094 761 1138; x_wconf 77' lang='grc' dir='ltr'><em>σχὴματος,</em></span> <span class='ocrx_word' id='word_1_115' title='bbox 790 1092 838 1135; x_wconf 81' lang='grc' dir='ltr'>ὠς</span> <span class='ocrx_word' id='word_1_116' title='bbox 864 1095 922 1137; x_wconf 85' lang='grc' dir='ltr'>τῆς</span> <span class='ocrx_word' id='word_1_117' title='bbox 946 1095 1163 1138; x_wconf 80' lang='grc' dir='ltr'><em>κυλινδρικῆς</em></span> <span class='ocrx_word' id='word_1_118' title='bbox 1188 1094 1298 1136; x_wconf 72' lang='grc' dir='ltr'><em>ἕλικος</em></span> <span class='ocrx_word' id='word_1_119' title='bbox 1323 1096 1379 1128; x_wconf 81' lang='grc' dir='ltr'>καὶ</span> <span class='ocrx_word' id='word_1_120' title='bbox 1405 1094 1477 1128; x_wconf 77' lang='grc' dir='ltr'>τῶν</span> 
     </span>
     <span class='ocr_line' id='line_1_18' title="bbox 235 1152 1478 1199; baseline 0 -11"><span class='ocrx_word' id='word_1_121' title='bbox 235 1158 397 1188; x_wconf 80' lang='grc' dir='ltr'><em>κωνικῶν</em></span> <span class='ocrx_word' id='word_1_122' title='bbox 434 1158 605 1197; x_wconf 80' lang='grc' dir='ltr'><em>γραμμῶν</em></span> <span class='ocrx_word' id='word_1_123' title='bbox 639 1157 737 1198; x_wconf 82' lang='lat' dir='ltr'>(pag.</span> <span class='ocrx_word' id='word_1_124' title='bbox 767 1155 853 1198; x_wconf 83' lang='lat'>394,</span> <span class='ocrx_word' id='word_1_125' title='bbox 871 1157 909 1185; x_wconf 81' lang='lat'>23</span> <span class='ocrx_word' id='word_1_126' title='bbox 933 1152 986 1199; x_wconf 86' lang='lat' dir='ltr'>ss)</span> <span class='ocrx_word' id='word_1_127' title='bbox 1019 1154 1127 1197; x_wconf 90' lang='lat' dir='ltr'>plane</span> <span class='ocrx_word' id='word_1_128' title='bbox 1162 1153 1320 1197; x_wconf 89' lang='lat' dir='ltr'>quadrat</span> <span class='ocrx_word' id='word_1_129' title='bbox 1351 1153 1398 1188; x_wconf 89' lang='lat' dir='ltr'>ad</span> <span class='ocrx_word' id='word_1_130' title='bbox 1424 1163 1478 1197; x_wconf 88' lang='lat' dir='ltr'>ea,</span> 
     </span>
     <span class='ocr_line' id='line_1_19' title="bbox 235 1212 1477 1258; baseline -0.001 -10"><span class='ocrx_word' id='word_1_131' title='bbox 235 1223 329 1257; x_wconf 90' lang='lat' dir='ltr'>quae</span> <span class='ocrx_word' id='word_1_132' title='bbox 364 1223 473 1258; x_wconf 84' lang='lat' dir='ltr'>pagg.</span> <span class='ocrx_word' id='word_1_133' title='bbox 496 1214 574 1255; x_wconf 86' lang='grc'>104,</span> <span class='ocrx_word' id='word_1_134' title='bbox 590 1217 609 1246; x_wconf 80' lang='lat'>2</span> <span class='ocrx_word' id='word_1_135' title='bbox 630 1222 683 1257; x_wconf 81' lang='lat' dir='ltr'>ss3</span> <span class='ocrx_word' id='word_1_136' title='bbox 709 1215 802 1256; x_wconf 79' lang='grc'>111,</span> <span class='ocrx_word' id='word_1_137' title='bbox 825 1216 861 1245; x_wconf 82' lang='grc'>16</span> <span class='ocrx_word' id='word_1_138' title='bbox 880 1222 936 1256; x_wconf 86' lang='lat' dir='ltr'>ss;</span> <span class='ocrx_word' id='word_1_139' title='bbox 976 1215 1054 1254; x_wconf 83' lang='lat'>112,</span> <span class='ocrx_word' id='word_1_140' title='bbox 1074 1217 1110 1245; x_wconf 89' lang='grc'>14</span> <span class='ocrx_word' id='word_1_141' title='bbox 1128 1222 1145 1248; x_wconf 90' lang='lat' dir='ltr'>s</span> <span class='ocrx_word' id='word_1_142' title='bbox 1172 1212 1262 1248; x_wconf 89' lang='lat' dir='ltr'>alibi</span> <span class='ocrx_word' id='word_1_143' title='bbox 1297 1212 1341 1248; x_wconf 90' lang='lat' dir='ltr'>de</span> <span class='ocrx_word' id='word_1_144' title='bbox 1369 1221 1477 1257; x_wconf 91' lang='lat' dir='ltr'>gene-</span> 
     </span>
     <span class='ocr_line' id='line_1_20' title="bbox 238 1270 1478 1317; baseline -0.001 -10"><span class='ocrx_word' id='word_1_145' title='bbox 238 1271 440 1308; x_wconf 88' lang='lat' dir='ltr'>rationibus</span> <span class='ocrx_word' id='word_1_146' title='bbox 467 1271 598 1307; x_wconf 91' lang='lat' dir='ltr'>talium</span> <span class='ocrx_word' id='word_1_147' title='bbox 624 1270 819 1307; x_wconf 85' lang='lat' dir='ltr'>formarum</span> <span class='ocrx_word' id='word_1_148' title='bbox 843 1271 1041 1316; x_wconf 86' lang='lat' dir='ltr'>explanata</span> <span class='ocrx_word' id='word_1_149' title='bbox 1068 1274 1164 1317; x_wconf 88' lang='lat' dir='ltr'>sunt,</span> <span class='ocrx_word' id='word_1_150' title='bbox 1189 1271 1261 1308; x_wconf 93' lang='lat' dir='ltr'>nisi</span> <span class='ocrx_word' id='word_1_151' title='bbox 1278 1271 1372 1316; x_wconf 93' lang='lat' dir='ltr'>quod</span> <span class='ocrx_word' id='word_1_152' title='bbox 1387 1272 1478 1307; x_wconf 87' lang='lat' dir='ltr'>haec</span> 
     </span>
     <span class='ocr_line' id='line_1_21' title="bbox 238 1330 1478 1376; baseline -0.001 -10"><span class='ocrx_word' id='word_1_153' title='bbox 238 1331 363 1367; x_wconf 89' lang='lat' dir='ltr'>Procli</span> <span class='ocrx_word' id='word_1_154' title='bbox 386 1330 615 1375; x_wconf 84' lang='lat' dir='ltr'>excerpentis</span> <span class='ocrx_word' id='word_1_155' title='bbox 643 1331 749 1375; x_wconf 89' lang='lat' dir='ltr'>culpa</span> <span class='ocrx_word' id='word_1_156' title='bbox 767 1330 960 1376; x_wconf 87' lang='lat' dir='ltr'>angustius</span> <span class='ocrx_word' id='word_1_157' title='bbox 978 1330 1255 1375; x_wconf 88' lang='lat' dir='ltr'>circumscripta</span> <span class='ocrx_word' id='word_1_158' title='bbox 1273 1333 1339 1367; x_wconf 83' lang='lat' dir='ltr'>est.</span> <span class='ocrx_word' id='word_1_159' title='bbox 1381 1331 1478 1366; x_wconf 88' lang='lat' dir='ltr'>Nam</span> 
     </span>
     <span class='ocr_line' id='line_1_22' title="bbox 240 1378 1519 1435; baseline -0.002 -9"><span class='ocrx_word' id='word_1_160' title='bbox 240 1390 387 1435; x_wconf 90' lang='lat' dir='ltr'>spiralis</span> <span class='ocrx_word' id='word_1_161' title='bbox 414 1389 581 1435; x_wconf 86' lang='lat' dir='ltr'>cylindri,</span> <span class='ocrx_word' id='word_1_162' title='bbox 613 1400 707 1434; x_wconf 89' lang='lat' dir='ltr'>quae</span> <span class='ocrx_word' id='word_1_163' title='bbox 734 1389 962 1425; x_wconf 90' lang='lat' dir='ltr'>illuminandi</span> <span class='ocrx_word' id='word_1_164' title='bbox 988 1401 1100 1426; x_wconf 88' lang='lat' dir='ltr'>causa</span> <span class='ocrx_word' id='word_1_165' title='bbox 1126 1389 1286 1435; x_wconf 87' lang='lat' dir='ltr'>affertur,</span> <span class='ocrx_word' id='word_1_166' title='bbox 1318 1400 1390 1425; x_wconf 92' lang='lat' dir='ltr'>non</span> <span class='ocrx_word' id='word_1_167' title='bbox 1415 1399 1481 1434; x_wconf 86' lang='lat' dir='ltr'>per</span> <span class='ocrx_word' id='word_1_168' title='bbox 1514 1378 1519 1384; x_wconf 71' lang='grc'><strong>’</strong></span> 
     </span>
     <span class='ocr_line' id='line_1_23' title="bbox 241 1448 1481 1494; baseline -0.001 -9"><span class='ocrx_word' id='word_1_169' title='bbox 241 1449 482 1485; x_wconf 89' lang='lat' dir='ltr'>sectionem</span> <span class='ocrx_word' id='word_1_170' title='bbox 508 1451 731 1493; x_wconf 85' lang='lat' dir='ltr'>procreatur,</span> <span class='ocrx_word' id='word_1_171' title='bbox 760 1449 824 1484; x_wconf 90' lang='lat' dir='ltr'>sed</span> <span class='ocrx_word' id='word_1_172' title='bbox 852 1449 1011 1484; x_wconf 89' lang='lat' dir='ltr'>circum</span> <span class='ocrx_word' id='word_1_173' title='bbox 1038 1449 1237 1494; x_wconf 88' lang='lat' dir='ltr'>cylindrum</span> <span class='ocrx_word' id='word_1_174' title='bbox 1261 1448 1481 1485; x_wconf 87' lang='lat' dir='ltr'>describitur</span> 
     </span>
     <span class='ocr_line' id='line_1_24' title="bbox 241 1507 1481 1555; baseline 0 -11"><span class='ocrx_word' id='word_1_175' title='bbox 241 1508 300 1555; x_wconf 72' lang='lat' dir='ltr'>(cf.</span> <span class='ocrx_word' id='word_1_176' title='bbox 327 1519 408 1554; x_wconf 89' lang='lat' dir='ltr'>pag.</span> <span class='ocrx_word' id='word_1_177' title='bbox 431 1512 510 1554; x_wconf 86' lang='lat'>111,</span> <span class='ocrx_word' id='word_1_178' title='bbox 529 1513 564 1541; x_wconf 90' lang='grc'>17</span> <span class='ocrx_word' id='word_1_179' title='bbox 584 1507 616 1554; x_wconf 90' lang='lat' dir='ltr'>s)</span> <span class='ocrx_word' id='word_1_180' title='bbox 654 1519 804 1552; x_wconf 86' lang='lat' dir='ltr'>eamque</span> <span class='ocrx_word' id='word_1_181' title='bbox 837 1509 881 1544; x_wconf 91' lang='lat' dir='ltr'>ob</span> <span class='ocrx_word' id='word_1_182' title='bbox 908 1519 1055 1544; x_wconf 88' lang='lat' dir='ltr'>causam</span> <span class='ocrx_word' id='word_1_183' title='bbox 1081 1508 1145 1544; x_wconf 92' lang='lat' dir='ltr'>illa</span> <span class='ocrx_word' id='word_1_184' title='bbox 1172 1508 1383 1545; x_wconf 90' lang='lat' dir='ltr'>definitione</span> <span class='ocrx_word' id='word_1_185' title='bbox 1408 1518 1481 1544; x_wconf 91' lang='lat' dir='ltr'>non</span> 
     </span>
     <span class='ocr_line' id='line_1_25' title="bbox 241 1567 1480 1615; baseline 0 -12"><span class='ocrx_word' id='word_1_186' title='bbox 241 1568 465 1614; x_wconf 83' lang='lat' dir='ltr'>continetur,</span> <span class='ocrx_word' id='word_1_187' title='bbox 501 1578 596 1611; x_wconf 88' lang='lat' dir='ltr'>quae</span> <span class='ocrx_word' id='word_1_188' title='bbox 622 1569 769 1603; x_wconf 88' lang='lat' dir='ltr'>tantum</span> <span class='ocrx_word' id='word_1_189' title='bbox 796 1568 843 1603; x_wconf 90' lang='lat' dir='ltr'>ad</span> <span class='ocrx_word' id='word_1_190' title='bbox 870 1567 996 1604; x_wconf 88' lang='lat' dir='ltr'>conica</span> <span class='ocrx_word' id='word_1_191' title='bbox 1023 1568 1120 1614; x_wconf 86' lang='lat' dir='ltr'>(pag.</span> <span class='ocrx_word' id='word_1_192' title='bbox 1149 1571 1231 1614; x_wconf 85' lang='lat'>394,</span> <span class='ocrx_word' id='word_1_193' title='bbox 1253 1568 1305 1615; x_wconf 80' lang='lat'>25)</span> <span class='ocrx_word' id='word_1_194' title='bbox 1341 1577 1480 1604; x_wconf 87' lang='lat' dir='ltr'>accom-</span> 
     </span>
     <span class='ocr_line' id='line_1_26' title="bbox 241 1626 1482 1672; baseline -0.001 -10"><span class='ocrx_word' id='word_1_195' title='bbox 241 1627 390 1662; x_wconf 89' lang='lat' dir='ltr'>modata</span> <span class='ocrx_word' id='word_1_196' title='bbox 429 1630 498 1662; x_wconf 88' lang='lat' dir='ltr'>est.</span> <span class='ocrx_word' id='word_1_197' title='bbox 562 1626 635 1663; x_wconf 91' lang='lat' dir='ltr'>Vel</span> <span class='ocrx_word' id='word_1_198' title='bbox 674 1626 731 1661; x_wconf 89' lang='lat' dir='ltr'>his</span> <span class='ocrx_word' id='word_1_199' title='bbox 772 1626 998 1672; x_wconf 86' lang='lat' dir='ltr'>argumentis</span> <span class='ocrx_word' id='word_1_200' title='bbox 1036 1627 1090 1662; x_wconf 92' lang='lat' dir='ltr'>ita</span> <span class='ocrx_word' id='word_1_201' title='bbox 1130 1626 1356 1671; x_wconf 89' lang='lat' dir='ltr'>comprobari</span> <span class='ocrx_word' id='word_1_202' title='bbox 1394 1626 1482 1662; x_wconf 92' lang='lat' dir='ltr'>mihi</span> 
     </span>
     <span class='ocr_line' id='line_1_27' title="bbox 241 1685 1482 1743; baseline 0 -21"><span class='ocrx_word' id='word_1_203' title='bbox 241 1686 387 1722; x_wconf 88' lang='lat' dir='ltr'>videtur</span> <span class='ocrx_word' id='word_1_204' title='bbox 413 1686 508 1721; x_wconf 86' lang='lat' dir='ltr'>hanc</span> <span class='ocrx_word' id='word_1_205' title='bbox 537 1685 831 1721; x_wconf 88' lang='lat' dir='ltr'>distributionem</span> <span class='ocrx_word' id='word_1_206' title='bbox 857 1685 1040 1722; x_wconf 88' lang='lat' dir='ltr'>variorum</span> <span class='ocrx_word' id='word_1_207' title='bbox 1072 1686 1354 1731; x_wconf 87' lang='lat' dir='ltr'>theorematum,</span> <span class='ocrx_word' id='word_1_208' title='bbox 1389 1696 1482 1743; x_wconf 81' lang='lat' dir='ltr'>quae</span> 
     </span>
     <span class='ocr_line' id='line_1_28' title="bbox 241 1743 1481 1790; baseline -0.002 -10"><span class='ocrx_word' id='word_1_209' title='bbox 241 1747 386 1781; x_wconf 86' lang='lat' dir='ltr'>veteres</span> <span class='ocrx_word' id='word_1_210' title='bbox 413 1744 665 1780; x_wconf 88' lang='lat' dir='ltr'>mathematici</span> <span class='ocrx_word' id='word_1_211' title='bbox 692 1744 834 1779; x_wconf 89' lang='lat' dir='ltr'>nomine</span> <span class='ocrx_word' id='word_1_212' title='bbox 861 1743 1008 1778; x_wconf 77' lang='grc' dir='ltr'><em>τοπικὸν</em></span> <span class='ocrx_word' id='word_1_213' title='bbox 1030 1745 1120 1785; x_wconf 77' lang='grc' dir='ltr'><strong><em>εἶδος</em></strong></span> <span class='ocrx_word' id='word_1_214' title='bbox 1138 1749 1232 1790; x_wconf 89' lang='lat' dir='ltr'>(pag.</span> <span class='ocrx_word' id='word_1_215' title='bbox 1253 1748 1334 1789; x_wconf 84' lang='lat'>396,</span> <span class='ocrx_word' id='word_1_216' title='bbox 1352 1750 1425 1778; x_wconf 92' lang='lat'>10—</span> <span class='ocrx_word' id='word_1_217' title='bbox 1396 1750 1481 1787; x_wconf 82' lang='lat'>—12)</span> 
     </span>
     <span class='ocr_line' id='line_1_29' title="bbox 242 1802 1482 1848; baseline -0.001 -9"><span class='ocrx_word' id='word_1_218' title='bbox 242 1803 615 1848; x_wconf 81' lang='lat' dir='ltr'>comprehendebant,</span> <span class='ocrx_word' id='word_1_219' title='bbox 648 1813 728 1838; x_wconf 88' lang='lat' dir='ltr'>esse</span> <span class='ocrx_word' id='word_1_220' title='bbox 757 1802 916 1847; x_wconf 80' lang='lat' dir='ltr'>Gemini,</span> <span class='ocrx_word' id='word_1_221' title='bbox 953 1806 994 1838; x_wconf 91' lang='lat' dir='ltr'>ut</span> <span class='ocrx_word' id='word_1_222' title='bbox 1020 1804 1068 1839; x_wconf 88' lang='lat' dir='ltr'>ad</span> <span class='ocrx_word' id='word_1_223' title='bbox 1093 1803 1245 1842; x_wconf 88' lang='lat' dir='ltr'>eundem</span> <span class='ocrx_word' id='word_1_224' title='bbox 1270 1803 1377 1839; x_wconf 91' lang='lat' dir='ltr'>finem</span> <span class='ocrx_word' id='word_1_225' title='bbox 1402 1814 1482 1848; x_wconf 88' lang='lat' dir='ltr'>per-</span> 
     </span>
     <span class='ocr_line' id='line_1_30' title="bbox 241 1862 1483 1908; baseline 0.001 -9"><span class='ocrx_word' id='word_1_226' title='bbox 241 1863 464 1906; x_wconf 86' lang='lat' dir='ltr'>veniremus,</span> <span class='ocrx_word' id='word_1_227' title='bbox 502 1862 649 1898; x_wconf 83' lang='lat' dir='ltr'>etiamsi</span> <span class='ocrx_word' id='word_1_228' title='bbox 683 1863 772 1899; x_wconf 87' lang='lat' dir='ltr'>illud</span> <span class='ocrx_word' id='word_1_229' title='bbox 803 1862 1053 1899; x_wconf 89' lang='lat' dir='ltr'>testimonium</span> <span class='ocrx_word' id='word_1_230' title='bbox 1079 1873 1162 1908; x_wconf 87' lang='lat' dir='ltr'>pag.</span> <span class='ocrx_word' id='word_1_231' title='bbox 1193 1866 1273 1908; x_wconf 83' lang='lat'>395,</span> <span class='ocrx_word' id='word_1_232' title='bbox 1293 1868 1329 1897; x_wconf 84' lang='lat'>13</span> <span class='ocrx_word' id='word_1_233' title='bbox 1348 1874 1384 1899; x_wconf 86' lang='lat' dir='ltr'>ss</span> <span class='ocrx_word' id='word_1_234' title='bbox 1411 1874 1483 1900; x_wconf 91' lang='lat' dir='ltr'>non</span> 
     </span>
    </p>
   </div>
   <div class='ocr_carea' id='block_1_3' title="bbox 242 1934 475 1937">
    <p class='ocr_par' dir='ltr' id='par_1_5' title="bbox 242 1934 475 1937">
     <span class='ocr_line' id='line_1_31' title="bbox 242 1934 475 1937; baseline 0 0"><span class='ocrx_word' id='word_1_235' title='bbox 242 1934 475 1937; x_wconf 95' lang='lat' dir='ltr'> </span> 
     </span>
    </p>
   </div>
   <div class='ocr_carea' id='block_1_4' title="bbox 342 1980 1073 2069">
    <p class='ocr_par' dir='ltr' id='par_1_6' title="bbox 342 1980 1073 2069">
     <span class='ocr_line' id='line_1_32' title="bbox 342 1980 1073 2020; baseline 0.001 -12"><span class='ocrx_word' id='word_1_236' title='bbox 342 1980 369 2018; x_wconf 88' lang='lat'>*)</span> <span class='ocrx_word' id='word_1_237' title='bbox 492 1980 677 2020; x_wconf 73' lang='grc' dir='ltr'><em>θεωρήματα</em></span> <span class='ocrx_word' id='word_1_238' title='bbox 698 1989 790 2019; x_wconf 82' lang='lat' dir='ltr'>pagg.</span> <span class='ocrx_word' id='word_1_239' title='bbox 813 1981 880 2018; x_wconf 80' lang='lat'>394,</span> <span class='ocrx_word' id='word_1_240' title='bbox 893 1987 920 2010; x_wconf 75' lang='lat'>16</span> <span class='ocrx_word' id='word_1_241' title='bbox 933 1997 968 2002; x_wconf 89' lang='lat'>—</span> <span class='ocrx_word' id='word_1_242' title='bbox 982 1981 1050 2015; x_wconf 83' lang='lat'>395,</span> <span class='ocrx_word' id='word_1_243' title='bbox 1061 1989 1073 2009; x_wconf 86' lang='lat'>2</span> 
     </span>
     <span class='ocr_line' id='line_1_33' title="bbox 419 2029 770 2069; baseline -0.011 4"><span class='ocrx_word' id='word_1_244' title='bbox 419 2029 592 2067; x_wconf 59' lang='lat' dir='ltr'><em>s</em></span> <span class='ocrx_word' id='word_1_245' title='bbox 598 2030 770 2069; x_wconf 33' lang='grc' dir='ltr'>Χ</span> 
     </span>
    </p>
   </div>
   <div class='ocr_carea' id='block_1_5' title="bbox 362 2079 814 2108">
    <p class='ocr_par' dir='ltr' id='par_1_7' title="bbox 362 2079 814 2108">
     <span class='ocr_line' id='line_1_34' title="bbox 362 2079 814 2108; baseline 0.004 -2"><span class='ocrx_word' id='word_1_246' title='bbox 362 2080 469 2107; x_wconf 73' lang='lat' dir='ltr'>‘tamna&#39;</span> <span class='ocrx_word' id='word_1_247' title='bbox 650 2079 684 2107; x_wconf 81' lang='grc' dir='ltr'>οὗ</span> <span class='ocrx_word' id='word_1_248' title='bbox 706 2080 814 2108; x_wconf 59' lang='lat' dir='ltr'>sommi</span> 
     </span>
    </p>
   </div>
   <div class='ocr_carea' id='block_1_6' title="bbox 424 2127 706 2167">
    <p class='ocr_par' dir='ltr' id='par_1_8' title="bbox 424 2127 706 2167">
     <span class='ocr_line' id='line_1_35' title="bbox 424 2127 706 2167; baseline 0 0"><span class='ocrx_word' id='word_1_249' title='bbox 424 2127 706 2167; x_wconf 27' lang='lat' dir='ltr'>JK</span> 
     </span>
    </p>
   </div>
   <div class='ocr_carea' id='block_1_7' title="bbox 241 2177 789 2218">
    <p class='ocr_par' dir='ltr' id='par_1_9' title="bbox 241 2177 789 2218">
     <span class='ocr_line' id='line_1_36' title="bbox 241 2177 789 2218; baseline 0.002 -12"><span class='ocrx_word' id='word_1_250' title='bbox 241 2177 316 2217; x_wconf 78' lang='grc' dir='ltr'><em>πρὸς</em></span> <span class='ocrx_word' id='word_1_251' title='bbox 336 2186 494 2216; x_wconf 76' lang='grc' dir='ltr'><em>γραμμαῖς,</em></span> <span class='ocrx_word' id='word_1_252' title='bbox 515 2179 588 2218; x_wconf 77' lang='grc' dir='ltr'>πρὸς</span> <span class='ocrx_word' id='word_1_253' title='bbox 609 2179 789 2218; x_wconf 75' lang='grc' dir='ltr'><em>ἐπιφανείαις</em></span> 
     </span>
    </p>
   </div>
   <div class='ocr_carea' id='block_1_8' title="bbox 372 2228 648 2270">
    <p class='ocr_par' dir='ltr' id='par_1_10' title="bbox 372 2228 648 2270">
     <span class='ocr_line' id='line_1_37' title="bbox 372 2228 648 2270; baseline 0.004 -1"><span class='ocrx_word' id='word_1_254' title='bbox 372 2228 648 2270; x_wconf 31' lang='grc' dir='ltr'>ΚΧ</span> 
     </span>
    </p>
   </div>
   <div class='ocr_carea' id='block_1_9' title="bbox 242 2276 1009 2319">
    <p class='ocr_par' dir='ltr' id='par_1_11' title="bbox 242 2276 1009 2319">
     <span class='ocr_line' id='line_1_38' title="bbox 242 2276 1009 2319; baseline 0.005 -14"><span class='ocrx_word' id='word_1_255' title='bbox 242 2277 280 2306; x_wconf 77' lang='grc' dir='ltr'>τά</span> <span class='ocrx_word' id='word_1_256' title='bbox 301 2279 359 2315; x_wconf 80' lang='grc' dir='ltr'>μὲν</span> <span class='ocrx_word' id='word_1_257' title='bbox 380 2276 530 2311; x_wconf 76' lang='grc' dir='ltr'><em>ἐπίπεδον,</em></span> <span class='ocrx_word' id='word_1_258' title='bbox 552 2279 589 2306; x_wconf 83' lang='grc' dir='ltr'>τοὶ</span> <span class='ocrx_word' id='word_1_259' title='bbox 612 2278 644 2307; x_wconf 80' lang='grc' dir='ltr'>δὲ</span> <span class='ocrx_word' id='word_1_260' title='bbox 664 2279 784 2318; x_wconf 81' lang='grc' dir='ltr'><em>στερεὸν</em></span> <span class='ocrx_word' id='word_1_261' title='bbox 805 2281 872 2319; x_wconf 77' lang='grc' dir='ltr'><em>(ἔχει</em></span> <span class='ocrx_word' id='word_1_262' title='bbox 893 2279 1009 2319; x_wconf 77' lang='grc' dir='ltr'><strong><em>τόπον).</em></strong></span> 
     </span>
    </p>
   </div>
  </div>
 </body>
</html>
