1721 2633
761 104 1001 136 -42—

262 203 311 239 sit
339 202 524 247 Geminus,
558 212 602 238 ex
633 201 816 246 excerptis
846 199 1026 236 Parisinis
1057 199 1134 235 erui
1164 203 1298 245 potest,
1330 198 1496 244 quoniam

260 263 328 298 hoc
350 261 513 298 iudicare
530 260 673 307 physici
692 271 785 302 esse,
810 271 881 297 non
898 258 1151 296 mathematici
1168 259 1229 296 ine
1248 259 1493 296 existimabat.

360 322 474 358 Porro
488 322 601 358 tertia
616 320 800 358 naturalis
815 319 1018 365 sapientiae
1036 330 1133 365 pars,
1152 330 1259 364 quam
1272 320 1315 355 L.
1329 319 1495 365 Diogene

262 384 412 418 auctore
447 380 606 417 Zenonis
642 380 810 425 discipuli
845 379 886 415 τὸ
911 378 1142 422 αἰτιολογικὸν
1174 379 1279 423 μέρος
1313 379 1494 423 dicebant,

260 451 386 477 rursus
422 440 460 476 in
491 440 581 476 duas
613 439 826 485 disciplinas
854 436 1157 484 distribuebatur,
1195 449 1345 483 quarum
1377 439 1497 475 altera

258 491 309 535 'ad
335 499 587 536 mathematici
618 499 821 535 doctrinam
847 499 1071 544 pertinebat3
1105 498 1150 534 cf.
1177 498 1198 533 1.
1224 498 1247 533 1.
1273 510 1307 543 p.
1339 501 1404 532 133
1432 500 1497 532 τοῦ

261 562 297 594 δὲ
329 560 448 603 ἑτέρου
479 562 534 593 καὶ
565 558 646 600 τοὺς
677 557 745 593 ἀπὸ
776 563 849 593 τῶν
879 557 1096 603 μαθημάτων
1127 556 1384 599 ἀντιποιεῖσθαι,
1421 558 1498 592 οἷον

261 621 336 661 πῶς
362 618 510 663 ὁρῶμεν,
538 622 586 660 τίς
611 618 630 662 ἡ
649 621 737 653 αἰτία
756 623 813 662 τῆς
830 622 1059 662 κατοπτρικῆς
1077 621 1272 661 φαντασίας,
1301 615 1396 658 ὅπως
1413 619 1497 662 νέφη

262 682 466 719 συνίσταται,
493 681 638 722 βρονταὶ
664 681 720 712 καὶ
747 679 855 721 ἴριδας
881 681 936 712 καὶ
962 675 1055 718 ἅλως
1079 682 1152 712 κτλ.
1205 677 1347 714 Causas
1374 679 1497 712 autem

261 749 380 774 rerum
407 737 631 781 quarundam
657 737 940 781 mathematicis,
974 737 1036 781 qui
1063 748 1086 772 a
1112 737 1224 773 certis
1249 736 1390 782 legibus
1416 746 1496 780 pro-

263 796 487 843 grediuntur,
518 796 796 842 investigandas
829 800 940 841 atque
973 797 1025 832 sic
1056 807 1116 833 res
1148 795 1391 841 expediendas
1418 805 1499 831 esse

263 856 441 893 Geminus
465 856 612 902 saepius
636 859 837 902 asseverat,
865 856 965 893 cuius
983 856 1037 892 rei
1053 855 1263 892 testimonio
1286 854 1434 891 afferam
1454 865 1499 891 ex

262 927 341 952 var.
375 916 454 952 coll.
486 927 568 961 pag.
603 919 684 960 251,
702 920 817 949 24-26
842 916 933 952 Hu.:
966 914 985 958 ἡ
1013 916 1042 950 ‹5’
1069 916 1122 950 ἐπὶ
1149 916 1221 949 τῶν
1252 913 1391 949 ὑδάτων
1422 941 1430 949 .
1456 941 1463 948 .
1490 941 1497 948 .

263 974 384 1017 ὀπτικὴ
413 1003 419 1010 .
438 1001 446 1008 .
467 1001 475 1008 .
504 978 738 1017 αἰτιολογεῖ
763 974 804 1008 τὰ
821 973 889 1008 ὑπὸ
908 983 981 1015 τοῖς
997 972 1097 1009 ὕδασι
1114 978 1198 1014 κτλ.,
1225 974 1287 1009 ubi
1312 974 1371 1010 vel
1395 984 1499 1010 voca-

262 1033 383 1068 bulum
402 1035 591 1075 αἰτιολογεῖ
606 1033 802 1069 stoicorum
823 1033 946 1069 stilum
973 1033 1103 1077 prodit.
1144 1031 1305 1078 Quocum
1332 1032 1499 1068 conferas

262 1091 386 1127 Procli
425 1092 721 1128 commentarium
759 1103 841 1137 pag.
884 1095 1072 1137 40,13-14
1106 1093 1144 1127 et
1182 1090 1376 1136 praecipue
1413 1101 1496 1136 pag.

264 1153 344 1195 202,
357 1156 463 1185 4—13.
501 1151 603 1187 Idem
630 1151 668 1186 in
686 1151 863 1195 Simplicii
881 1151 1098 1196 fragmento,
1126 1150 1219 1195 quod
1244 1150 1340 1186 infra
1358 1152 1497 1186 tracta-

262 1212 366 1245 turus
393 1220 482 1255 sum,
508 1220 632 1245 rursus
660 1212 839 1245 occurret.
1015 1253 1018 1257 ¹

361 1268 596 1305 Posidonium
606 1272 729 1305 autem
744 1269 891 1314 regulis,
907 1269 1050 1313 quaein
1065 1268 1185 1314 optica
1200 1268 1337 1314 valent,
1352 1278 1498 1313 operam

263 1328 408 1364 dedisse
428 1328 583 1373 exempli
602 1339 714 1365 causa
741 1339 785 1364 ex
804 1328 1007 1365 Oleomedis
1035 1328 1079 1364 de
1105 1330 1206 1364 motu
1225 1328 1395 1364 circulari
1420 1338 1496 1363 cor-

262 1398 387 1432 porum
420 1387 635 1424 caelestium
669 1388 760 1424 libro
793 1388 910 1424 altero
946 1388 1195 1434 cognoscitur,
1233 1398 1312 1424 cum
1346 1387 1498 1424 stoicum

261 1446 362 1482 illum
398 1449 547 1483 secutus
581 1457 690 1492 pagg.
726 1450 1039 1492 122‚15-—124,24
1073 1447 1189 1492 Ziegl.
1227 1446 1393 1491 explicet,
1427 1457 1498 1491 qua

263 1505 307 1541 de
326 1516 438 1541 causa
465 1505 518 1542 sol
545 1505 624 1542 sive
643 1505 761 1541 oriens
789 1505 867 1542 sive
892 1505 1059 1542 occidens
1078 1505 1192 1542 maior
1209 1505 1312 1542 nobis
1330 1505 1499 1542 videatur

263 1575 370 1608 quam
401 1567 488 1612 tum,
523 1575 602 1601 cum
634 1565 789 1601 medium
822 1566 961 1601 caelum
993 1565 1151 1610 obtinet;
1181 1565 1376 1610 praecipue
1406 1565 1498 1601 haec

261 1624 450 1660 Posidonii
488 1625 604 1661 verba
640 1651 648 1659 .
674 1651 681 1658 .
709 1651 716 1658 .
752 1623 844 1659 πολὺ
882 1626 1009 1667 μείζων
1046 1623 1088 1659 ἂν
1120 1623 1200 1669 ἡμῖν
1235 1624 1446 1667 ἐφαντάζετο
1478 1622 1497 1659 ὁ

264 1681 358 1727 ἥλιος
392 1683 447 1718 διὰ
478 1684 618 1718 τούτων
655 1683 692 1731 (i.
724 1694 753 1720 e.
786 1683 841 1718 διὰ
872 1687 1003 1727 τοίχων
1035 1686 1196 1729 στερεῶν)
1233 1682 1410 1728 ὁρώμενος
1443 1687 1498 1718 καὶ

262 1741 354 1776 πολὺ
379 1745 501 1785 μεῖζον
519 1742 682 1786 διάστημα
707 1743 862 1786 ἀφεστώς
888 1743 985 1789 (pag.
1019 1747 1095 1785 124,
1113 1748 1229 1776 20-24
1253 1742 1384 1791 Ziegl.)
1412 1746 1497 1788 apte

264 1802 469 1848 comparari
490 1806 643 1847 possunt
675 1813 753 1839 cum
773 1803 851 1839 loco
871 1813 947 1840 var.
975 1803 1054 1839 coll.
1073 1811 1193 1837 σκοπεῖ
1215 1802 1305 1848 (scil.
1323 1801 1343 1847 ἡ
1362 1803 1497 1847 ὀπτικὴ)

266 1888 273 1895 .
293 1889 300 1895 .
323 1888 330 1895 .
358 1862 400 1896 τὸ
425 1861 513 1896 κατὰ
532 1861 593 1905 τὴν
611 1861 817 1906 συναγωγὴν
843 1864 888 1903 εἰς
910 1866 1041 1905 γωνίαν
1058 1862 1120 1905 τὴν
1137 1862 1316 1897 σύννευσιν
1334 1866 1497 1905 γίνεσθαι,

264 1920 398 1955 ἐπειδὰν
423 1921 630 1964 μειζόνων
657 1919 676 1965 ἢ
702 1921 937 1956 ἐλαττόνων
964 1920 1080 1964 ὅψεως
1106 1917 1126 1965 ᾗ
1151 1925 1291 1965 θεωρία.

364 1979 590 2026 Quamquam
626 1983 747 2017 autem
780 1981 937 2017 concedo
971 1982 1063 2017 haec
1094 1985 1321 2026 argumenta,
1354 1981 1385 2017 si
1420 1981 1498 2017 sola

265 2039 555 2085 suppeditarent,
587 2040 685 2077 haud
711 2040 766 2077 ita
791 2041 916 2087 magni
943 2051 1025 2077 esse
1050 2040 1232 2086 momenti,
1265 2043 1390 2077 tamen
1415 2043 1498 2086 post

265 2109 319 2141 ea,
346 2109 438 2143 quae
456 2110 567 2144 supra
585 2099 756 2136 stabilita
775 2102 870 2145 sunt,
897 2100 1109 2136 documento
1128 2103 1223 2145 sunt,
1251 2110 1358 2145 quam
1384 2100 1499 2135 multa

266 2156 421 2195 Gemino
448 2161 559 2203 atque
586 2158 712 2195 stoicis
739 2158 941 2195 communia
967 2158 1051 2195 sint.

365 2217 461 2264 Quin
487 2217 597 2254 etiam
625 2219 825 2263 exemplum
852 2221 987 2263 exstat,
1015 2229 1083 2263 quo
1102 2218 1258 2255 dilucide
1276 2217 1499 2254 illuminetur

268 2276 502 2315 minutiarum
532 2289 673 2325 quoque
704 2281 890 2316 auctorem
922 2277 1075 2316 Gemino
1108 2278 1221 2315 fuisse
1253 2276 1497 2316 Posidonium.
