1721 2633
772 107 1014 138 ...48-

273 203 441 248 Denique
474 205 648 248 quantum
675 202 763 239 talis
794 201 877 238 libri
908 201 1097 238 circuitum
1129 202 1242 240 fuisse
1267 205 1446 248 putemus,
1483 205 1515 241 si

274 263 321 298 ad
347 262 482 297 multas
508 262 704 305 variasque
722 272 793 305 res,
822 262 866 296 de
885 261 1014 304 quibus
1035 261 1226 297 Geminum
1244 261 1514 309 verba-fecisse

280 322 438 366 constat,
471 320 593 356 omnia
619 320 852 356 theoremata
882 321 992 364 atque
1017 319 1244 364 problemata
1275 321 1418 367 copiose
1452 320 1514 357 ad-

273 381 372 416 iecta
400 391 480 416 esse
508 379 715 416 sumamus?

375 440 476 484 Ergo
503 438 668 483 equidem
688 437 934 474 contenderim
961 437 1080 473 nullas
1107 437 1513 488 propositionessa1Ge-

278 498 375 534 mino
402 498 440 534 in
467 509 555 543 opus
583 509 685 533 suum
711 500 882 542 receptas
906 496 1019 533 fuisse
1037 497 1107 533 nisi
1134 508 1207 538 eas,
1236 498 1514 544 quibusdvarias

277 558 445 593 notiones
460 556 743 591 mathematicas
762 555 971 600 disponeret
985 559 1097 599 atque
1109 556 1146 591 in
1166 559 1370 591 ceterarum
1384 557 1515 592 seriem

273 605 471 662 redigeret,
505 615 607 651 velut
633 618 711 651 tres
744 624 825 650 esse
857 614 973 650 lineas
1005 615 1051 650 ab
1085 614 1181 651 omni
1211 617 1318 660 parte
1344 616 1514 661 aequales

274 686 357 720 pag.
385 679 576 720 251,2-11
604 673 883 709 demonstravit.

377 733 468 769 Tum
487 732 635 770 Gemini
662 743 750 777 opus
777 743 800 768 a
817 731 962 774 libellis,
991 731 1117 776 quales
1136 732 1390 769 mathematici
1406 734 1513 780 vulgo

275 793 319 829 de
341 792 533 829 doctrinae
562 803 650 828 suae
676 793 785 828 rebus
814 792 1089 836 componebant,
1121 792 1180 828 vel
1207 803 1252 828 ea
1277 804 1317 829 re
1343 794 1513 830 abhorre-

274 854 352 895 bat,
382 852 476 896 quod
502 851 564 887 ille
590 861 663 886 non
689 851 803 886 solum
829 860 888 886 res
914 850 1195 886 mathematicas
1221 850 1417 898 referebat,
1449 852 1514 888 sed

275 921 338 946 eas
367 913 467 947 certo
495 910 648 955 quodam
668 910 817 946 consilio
843 909 1135 955 philosophorum
1161 920 1259 946 more
1285 910 1322 946 in
1349 911 1512 956 disputa-

277 970 412 1005 tionem
433 970 653 1014 deducebat3
681 972 825 1004 tantum
844 968 938 1004 enim
962 969 1102 1014 aberat,
1128 972 1169 1004 ut
1195 969 1357 1006 homines
1374 971 1512 1007 mathe-

274 1028 433 1064 maticae
467 1028 615 1074 ignaros
649 1028 727 1064 sine
759 1027 815 1063 ira
847 1031 885 1063 et
920 1027 1039 1063 studio
1073 1028 1198 1072 primis
1233 1028 1423 1065 elementis
1449 1030 1512 1066 im-

274 1088 419 1133 bueret,
458 1090 499 1123 ut
538 1087 776 1133 geometriam
817 1087 862 1123 ab
898 1087 1157 1131 Epicureorum
1197 1090 1234 1123 et
1274 1089 1514 1133 scepticorum

274 1147 412 1191 impetu
447 1146 677 1191 defenderet,
710 1146 741 1182 si
775 1146 878 1181 modo
916 1145 972 1181 his
1002 1146 1125 1181 Procli
1150 1146 1272 1182 verbis
1302 1147 1371 1183 niti
1404 1148 1512 1184 licet:

276 1204 349 1239 ἀλλ’
386 1206 418 1238 αἱ
449 1207 512 1246 μὲν
547 1204 633 1248 imp
674 1209 747 1239 τῶν
783 1205 902 1248 ἀρχῶν
942 1204 1130 1248 ἀντιλογίαι
1163 1208 1310 1249 μετρίως
1343 1205 1425 1251 ἡμῖν
1460 1206 1514 1241 διὰ

276 1268 347 1298 τῶν
373 1264 569 1306 ἔμπροσθεν
598 1263 806 1307 ἠνύσθησαν,
839 1262 902 1306 τὴν
927 1265 963 1297 δὲ
989 1265 1054 1297 τοῦ
1080 1263 1243 1307 Ζήνωνος
1268 1264 1434 1309 ἐπιβολὴν
1462 1279 1513 1306 μι-

274 1320 362 1365 κρὸν
396 1318 543 1365 ὕστερον
569 1322 822 1363 ἐπισκεψόμεθα
849 1321 949 1366 (pag.
976 1324 1087 1366 200,4
1110 1321 1155 1367 s).
1216 1322 1289 1358 Sed
1322 1323 1513 1359 Platonico

275 1380 489 1416 recentioris
524 1381 733 1416 academiae
759 1391 831 1416 non
863 1382 954 1420 erat,
991 1380 1086 1424 quod
1117 1380 1198 1417 illos
1234 1382 1513 1428 obtrectatores,

276 1439 336 1483 qui
367 1439 444 1475 eius
477 1442 605 1475 aetate
639 1440 777 1484 pridem
810 1440 1075 1483 obmutuerant,
1107 1439 1348 1485 impugnaret.
1399 1441 1513 1477 Immo

274 1498 396 1543 potius
432 1498 603 1536 Gemino!
657 1499 728 1546 Qui
765 1501 802 1534 et
838 1498 881 1533 de
922 1497 1107 1544 principiis
1144 1497 1275 1546 (ἀρχαὶ)
1311 1500 1513 1545 disputavit

276 1561 314 1594 et
331 1569 386 1604 ea,
413 1570 505 1603 quae
523 1559 561 1595 in
579 1558 838 1595 commentario
856 1568 939 1603 pag.
963 1561 1152 1599 199,3--10
1178 1559 1222 1594 de
1245 1562 1513 1604 geometrarum

276 1617 500 1653 adversariis
539 1617 789 1662 proferuntur,
828 1616 958 1651 Proclo
998 1616 1246 1661 suppeditavit
1285 1620 1323 1652 et
1355 1618 1514 1653 Zenonis

274 1676 451 1721 Epicurei
489 1677 694 1712 sententias
728 1675 877 1711 refellit.
936 1675 1097 1711 Etiamsi
1129 1675 1245 1721 igitur
1277 1676 1369 1711 haec
1401 1677 1515 1713 verba

276 1735 375 1780 (pag.
406 1738 492 1780 200,
514 1741 533 1768 4
565 1735 597 1782 s)
631 1735 754 1770 Procli
789 1737 888 1777 sunt⁷
936 1737 1060 1770 tamen
1090 1735 1361 1771 Elementorum
1401 1735 1514 1771 inter-

275 1797 418 1838 pretem
446 1798 660 1839 argumento
688 1797 799 1838 atque
826 1793 1035 1829 condicione
1061 1793 1145 1828 libri
1163 1792 1371 1829 Geminiani
1397 1794 1444 1830 ad
1470 1805 1515 1830 ea

277 1853 474 1889 adductum
502 1864 583 1890 esse
609 1853 718 1890 facile
747 1853 910 1899 colligas.
974 1852 1078 1899 Quae
1106 1863 1184 1889 cum
1209 1852 1264 1889 ita
1290 1853 1379 1896 sint,
1415 1853 1515 1890 tanti

277 1916 334 1948 est
360 1912 449 1957 ipsis
475 1913 637 1957 reliquiis
657 1913 878 1949 examinatis
897 1913 992 1948 hanc
1010 1912 1252 1948 coniecturam
1273 1914 1514 1957 comprobare.

278 1971 398 2017 Quam
425 1971 674 2016 quaestionem
693 1971 973 2008 instituentibus
991 1973 1254 2016 peropportune
1282 1971 1393 2013 cadit,
1421 1971 1515 2016 quod

276 2031 413 2066 indicia
432 2031 526 2067 certi
545 2031 731 2066 cuiusdam
750 2031 902 2072 consilii,
932 2030 1095 2074 quamvis
1119 2031 1342 2075 excerpendo
1360 2031 1514 2075 plerum-

278 2099 346 2132 que
365 2089 590 2131 evanuerint,
619 2092 742 2125 tamen
767 2090 826 2125 hic
845 2090 919 2125 illic
940 2089 1110 2135 cognosci
1132 2092 1295 2133 possunt.
1340 2088 1514 2125 Geminus

278 2148 373 2184 enim
400 2159 542 2194 semper
567 2159 702 2195 magna
729 2160 809 2185 cum
835 2148 1029 2195 diligentia
1054 2148 1091 2184 id
1118 2148 1207 2194 egit,
1234 2151 1275 2184 ut
1293 2148 1453 2185 ordinem
1471 2159 1516 2184 ac

279 2207 553 2252 dispositionem
579 2219 646 2253 per
671 2211 789 2244 totam
824 2211 944 2244 artem
975 2208 1273 2244 mathematicam
1307 2208 1516 2244 conservari

277 2264 452 2313 gravibus
478 2267 705 2314 argumentis
732 2267 947 2304 declararet.
