1721 2633
762 130 1006 161 -70-

265 227 471 271 astrologus
490 236 600 271 saepe
627 236 671 261 ex
698 235 764 261 sua
781 225 947 261 recurrit.
994 225 1089 271 Quin
1116 225 1228 261 etiam
1253 236 1322 262 uno
1349 225 1500 269 verbo*)

263 285 483 328 ἐφάπτεσθαι,
512 284 605 329 quod
631 284 727 328 apud
750 284 920 319 Proclum
946 294 1029 330 pag.
1060 286 1147 328 38,6
1174 286 1212 319 et
1239 284 1334 329 apud
1361 283 1500 329 Simpli-

265 344 357 382 cium
383 355 465 391 pag.
494 347 605 387 292‚1
631 344 678 380 D.
699 343 843 390 legitur,
872 344 998 380 eadem
1024 355 1082 380 res
1101 343 1368 389 pronuntiatur.
1412 344 1500 381 Cum

265 407 387 440 autem
412 404 586 440 Geminus
616 404 884 449 meteorologus
910 404 1025 439 multa
1053 414 1075 439 a
1092 403 1287 439 Posidonio
1314 406 1501 440 mutuatus

264 464 323 506 sit,
353 463 542 500 admodum
566 462 763 500 verisimile
791 465 847 499 est
873 463 970 499 illum
999 462 1138 499 stoicae
1166 462 1380 508 disciplinae
1406 463 1501 509 prin-

265 524 391 568 cipem,
419 534 489 558 non
518 522 711 558 Geminum
739 532 817 557 eum
845 533 936 567 esse,
972 522 1032 566 qui
1058 522 1363 566 contemplativas
1390 525 1502 566 atque

267 582 412 618 activas
430 580 715 616 mathematicae
733 584 859 625 partes
876 581 1011 626 primus
1031 580 1247 617 discreverit
1275 583 1384 625 atque
1410 581 1502 616 hanc

265 641 513 687 distinguendi
530 640 706 677 rationem
727 643 765 676 et
780 640 1040 676 mathematico
1059 643 1098 676 et
1113 641 1355 686 meteorologo
1374 651 1502 685 suppe-

265 700 453 737 ditaverit.
495 700 601 747 Quod
620 700 650 736 si
668 703 807 736 rectum
835 703 903 745 est,
931 700 1046 736 denuo
1065 700 1359 736 mathematicum
1387 700 1502 736 stoico

264 761 318 796 illi
344 759 636 805 praeclarissimo
663 760 815 795 multum
843 760 974 795 debere
1002 759 1241 795 confirmatur.

362 829 510 866 Deinde
529 829 751 875 astrologiae
771 829 943 873 definitio,
963 829 1107 874 qualem
1118 829 1270 865 Proclus
1290 829 1335 865 ab
1355 832 1503 865 auctore

267 901 331 926 suo
350 889 501 934 recepit,
527 890 635 934 plane
654 900 733 924 cum
761 900 815 934 ea,
844 900 949 933 quam
969 889 1133 925 servavit
1153 888 1369 924 Aristotelis
1394 888 1501 924 inter-

264 959 358 994 pres,
386 948 557 993 concinit,
584 950 625 983 ut
650 947 707 984 his
734 958 780 983 ex
805 947 894 983 locis
922 947 1066 983 collatis
1095 947 1339 993 cognoscitur:

264 1018 423 1063 Simplic.
442 1018 464 1052 l.
483 1018 506 1052 1.
526 1028 610 1062 pag.
633 1020 713 1063 291,
725 1022 853 1051 26—31.

263 1075 282 1119 ἡ
311 1078 347 1111 δὲ
374 1076 580 1119 ἀστρολογία
600 1102 748 1110 ......
770 1074 853 1110 ἀπο-

263 1138 411 1170 δείκνυσι
448 1134 544 1177 τάξιν
574 1136 647 1169 τῶν
677 1133 854 1179 οὐρανίων

261 1194 419 1234 κόσμον
441 1191 554 1234 ὄντως
567 1191 774 1237 ἀποφήνασα
792 1193 854 1227 τὸν

262 1251 427 1296 οὐρανὸν,
463 1256 543 1296 περί
571 1265 607 1286 τε
633 1251 853 1295 σχημάτων

260 1313 348 1354 λέγει
374 1314 429 1345 καὶ
455 1316 647 1354 μεγεθῶν
672 1314 727 1344 καὶ
754 1310 853 1345 ἀπο-

260 1370 481 1414 στημάτων
515 1374 574 1414 γῆς
591 1365 644 1404 Δτε
675 1372 730 1404 καὶ
755 1369 854 1413 ἡλίου

259 1433 314 1464 καὶ
358 1430 498 1474 σελήνης
531 1434 586 1465 καὶ
632 1433 708 1474 περὶ
755 1431 853 1464 ἐκλεί-

260 1499 360 1531 ψεων
419 1492 475 1522 καὶ
534 1489 721 1530 συνάψεων
780 1490 851 1522 τῶν

261 1546 399 1592 ἄστρων
424 1551 481 1583 καὶ
506 1551 581 1593 περὶ
608 1553 665 1592 τῆς
690 1549 706 1583 ἐ
712 1562 732 1583 ν
764 1561 809 1582 τα
819 1557 853 1589 ῖς

260 1616 411 1651 φοραῖς
428 1607 545 1642 αὐτῶν
560 1608 785 1651 ποιότητος
798 1611 854 1641 καὶ

260 1679 286 1701 π
293 1679 312 1701 ο
320 1665 365 1701 σό
372 1679 416 1710 τη
423 1679 467 1701 το
475 1679 501 1708 ς.

1042 1017 1159 1054 Procl.
1179 1021 1372 1063 41‚19-‘.>2.

914 1075 933 1119 ἡ
961 1074 1167 1119 ἀστρολογία

986 1138 1061 1178 περὶ
1076 1136 1147 1169 τῶν
1164 1137 1375 1176 κοσμικῶν
1393 1137 1502 1179 κινή-

916 1204 955 1227 σε
963 1206 991 1227 ω
999 1206 1019 1227 ν
1045 1194 1325 1235 διαλαμβάνουσα
1351 1198 1405 1228 καὶ
1427 1198 1502 1238 περὶ

913 1254 1101 1295 μεγεθῶν
1118 1256 1174 1287 καὶ
1192 1254 1417 1297 σχημάτων
1433 1259 1503 1288 τῶν

915 1310 1091 1356 οὐρανίων
1109 1311 1282 1353 σωμάτων
1304 1315 1357 1346 καὶ
1375 1322 1501 1354 φωτισ-

913 1375 991 1412 μῶν
1029 1373 1083 1405 καὶ
1127 1368 1394 1407 ἀποστάσεων
1432 1376 1503 1407 τῶν

915 1430 983 1466 ἀπὸ
1025 1433 1085 1474 γῆς
1127 1434 1183 1465 καὶ
1223 1436 1294 1466 τῶν
1333 1432 1503 1467 τοιούτων

913 1488 1090 1524 ἁπάντων.

359 1737 525 1772 Eandem
552 1736 589 1771 in
627 1736 778 1772 formam
816 1737 927 1773 etiam
955 1738 1177 1783 geometriae
1215 1740 1503 1784 geodaesiaeque

261 1795 527 1840 descriptiones
562 1795 736 1831 redactae
772 1799 868 1838 sunt,
906 1807 994 1840 quas
1032 1808 1142 1842 supra
1169 1797 1265 1842 (vide
1292 1809 1397 1845 pagg.
1426 1802 1445 1833 9
1473 1809 1502 1840 s,

265 1857 323 1898 12)
355 1854 392 1890 in
412 1853 559 1891 Gemini
587 1855 715 1891 librum
739 1856 1038 1893 mathematicum
1063 1858 1316 1904 relegavimus.

1370 1860 1502 1904 Itaque

263 1915 323 1949 vel
350 1914 472 1958 specie
499 1915 657 1950 locorum
685 1916 836 1951 eundem
864 1926 945 1951 esse
972 1920 1155 1952 auctorem
1184 1919 1447 1962 comprobatur.

363 1982 417 2018 Ut
444 1985 565 2018 autem
595 1982 769 2019 Geminus
797 1984 965 2030 opacam,
992 1986 1274 2022 mathematicae
1300 1989 1453 2032 partem,
1481 1998 1503 2023 a

261 2041 426 2076 naturali
461 2041 703 2086 philosophia,
739 2054 954 2087 quamquam
989 2045 1116 2080 eadem
1151 2046 1324 2082 materies
1358 2046 1502 2090 utrique

263 2101 401 2141 subest,
434 2100 471 2136 in
498 2110 576 2136 var.
598 2101 676 2136 coll.
698 2112 781 2147 pag.
804 2105 913 2147 250,6
929 2113 976 2147 ss,
1004 2108 1039 2136 11
1056 2113 1092 2139 ss
1121 2104 1197 2140 acri
1220 2104 1352 2141 iudicio
1380 2115 1501 2150 segre-

265 2159 441 2205 gavit**),
473 2160 528 2195 ita
554 2161 821 2206 meteorologus
848 2162 944 2206 apud
971 2162 1194 2207 Simplicium
1226 2165 1293 2199 hoc
1329 2164 1501 2201 affirmat:

366 2266 393 2304 *)
415 2264 494 2296 Vide
517 2274 611 2304 supra
632 2275 701 2305 pag.
724 2268 759 2297 11
782 2276 870 2298 usum
890 2267 981 2299 huius
1002 2269 1094 2300 verbi.

347 2314 392 2353 **)
415 2314 493 2345 Vide
514 2324 608 2354 supra
627 2324 697 2355 pag.
718 2316 756 2346 41
771 2325 794 2348 s.
