1721 2633
703 120 939 152 „51—

207 221 344 263 μετρίας
367 218 431 259 μὲν
460 216 480 260 ἡ
506 216 625 261 στιγμὴ
650 220 893 262 προςλαβοῦσα
924 215 987 261 τὴν
1010 217 1116 258 θέσιν,
1149 215 1370 260 ἀριθμητικῆς
1400 216 1437 250 δὲ

207 277 228 322 ἡ
260 275 371 319 μονὰς
409 274 582 324 (ἅθετος);
623 276 667 313 cf.
693 288 777 324 pag.
820 280 933 323 59,16
959 286 1005 312 ss.
1063 275 1166 312 Idem
1204 275 1438 312 confirmatur

207 348 289 382 pag.
318 339 482 382 48‚9-14
512 333 564 372 ὅτι
598 366 605 373 .
625 365 633 372 .
652 365 660 372 .
692 336 712 381 ἡ
742 340 928 380 γεωμετρία
956 363 963 370 .
983 363 1019 372 ..
1048 337 1212 379 δευτέραν
1243 335 1309 378 ἔχει
1339 335 1437 377 τάξιν

206 393 290 435 μετὰ
316 393 379 438 τὴν
409 394 633 439 ἀριθμητικὴν
658 393 707 436 ὡς
731 396 768 429 ἐκ
793 395 918 438 ταύτης
949 395 1162 438 τελειουμένη
1195 397 1250 428 καὶ
1276 393 1436 437 ἀφοριζο-

207 455 301 498 με’νη,
328 454 455 499 εἴρηται
481 463 554 496 τοῖς
578 458 736 496 παλαιοῖς
761 458 832 490 κτλ.

306 513 380 549 Sed
410 517 564 558 utraque
596 513 787 558 disciplina
819 516 857 549 et
882 514 962 558 ipsa
994 516 1081 549 ante
1108 513 1200 548 alias
1230 512 1438 556 primarium

209 572 350 609 obtinet
367 573 495 618 locum,
523 572 626 609 velut
645 572 880 608 arithmetica
897 572 1066 618 musicae,
1093 571 1296 618 geometria
1313 571 1438 615 sphae-

208 632 307 668 ricae
347 643 439 677 quae
473 635 654 669 vocantur
695 632 934 674 antecedunt;
976 631 1019 667 cf.
1051 632 1112 668 Pr.
1144 642 1226 677 pag.
1261 634 1317 675 59,
1330 635 1367 663 20
1392 640 1438 665 ss.

206 691 320 727 Porro
348 702 414 728 eae
441 693 554 733 artes,
592 691 721 736 quibus
747 691 1003 737 intellegibilia
1030 690 1195 727 subiecta
1221 692 1315 735 sunt,
1352 692 1439 725 ante

209 750 352 786 activas
394 750 628 786 collocandae
665 753 764 796 sunt,
803 750 857 786 ita
891 752 933 786 ut
968 760 997 785 e.
1030 760 1064 795 g.
1100 749 1301 794 geometria
1334 747 1441 793 primi

208 809 289 855 loci,
321 809 531 845 mechanica
557 813 621 845 aut
648 809 770 854 optica
803 808 952 845 secundi
977 808 1067 851 sint3
1100 808 1144 844 cf.
1170 819 1252 854 pag.
1281 811 1337 853 59,
1348 813 1387 840 24
1413 819 1440 844 s.

208 869 288 905 Iam
315 872 469 914 apparet
495 869 590 904 haud
617 868 767 906 fortuito
785 868 920 904 factum
948 878 1039 913 esse,
1066 870 1108 904 ut
1131 867 1440 912 contemplativae

210 927 423 972 disciplinae
449 938 532 973 pag.
554 931 695 972 38,4—5
722 928 821 972 prius
847 927 979 963 activis
998 926 1196 962 afferantur
1220 929 1258 962 et
1284 925 1325 960 τὰ
1346 927 1440 971 πρώ-

210 996 302 1021 τιστα
328 989 384 1021 καὶ
405 986 600 1031 κυριώτατα
616 988 701 1031 μέρη
720 987 897 1032 dicantur,
924 986 1051 1031 quibus
1071 997 1150 1023 cum
1167 986 1289 1024 Verbis
1306 986 1344 1022 in
1361 997 1438 1024 var.

210 1047 289 1082 coll.
324 1057 401 1091 cap.
433 1046 636 1083 LXXXII
668 1048 763 1091 (pag.
791 1050 872 1091 278,
886 1051 921 1079 15
947 1057 965 1082 s
991 1047 1066 1089 Hu)
1096 1047 1187 1081 haec
1218 1046 1326 1090 plane
1357 1056 1439 1081 con-

210 1107 343 1150 gruunt
377 1106 436 1149 τῆς
469 1106 532 1145 μὲν
566 1105 763 1149 τιμιωτέρας
795 1107 851 1139 καὶ
885 1104 1024 1149 πρώτης
1057 1103 1322 1149 ὁλοσχερὲστερα
1355 1105 1441 1148 με’ρη

210 1164 284 1206 δύο,
321 1162 524 1208 ἀριθμητικὴ
555 1167 609 1198 καὶ
640 1167 838 1209 γεωμετρία.
895 1165 947 1201 Ut
979 1167 1100 1200 autem
1131 1165 1177 1200 ab
1209 1163 1441 1200 arithmetica

210 1223 382 1269 originem
402 1223 579 1259 canonica
604 1223 795 1268 disciplina
814 1223 959 1269 accipit,
984 1223 1040 1259 ita
1064 1223 1267 1269 geometria
1286 1223 1440 1259 Gemino

211 1283 353 1328 quidem
388 1284 537 1319 auctore
570 1285 755 1327 tamquam
794 1285 914 1319 mater
948 1282 1090 1327 opticae
1126 1286 1199 1327 est,
1240 1282 1324 1327 quia
1357 1293 1440 1328 pag.

210 1346 299 1387 40,9
323 1352 340 1377 s
371 1342 464 1376 haec
493 1340 646 1386 legimus
676 1341 779 1375 πάλιν
813 1341 931 1384 ὀπτικὴ
962 1344 1017 1375 καὶ
1042 1341 1206 1384 κανονικὴ
1237 1344 1443 1385 γεωμετρίας

210 1403 293 1436 εἰσὶν
318 1403 373 1435 καὶ
399 1399 622 1445 ἀριθμητικῆς
646 1400 794 1444 ἔκγονοι.

310 1460 448 1495 Eodem
474 1460 579 1495 modo
598 1470 687 1495 sane
714 1471 757 1495 ea
783 1460 1027 1505 intellegenda
1045 1462 1140 1504 sunt,
1168 1470 1261 1503 quae
1288 1460 1332 1495 de
1358 1470 1441 1505 geo-

211 1518 338 1555 daesia
364 1521 402 1555 et
428 1518 601 1564 logistica
626 1529 711 1564 pag.
730 1522 785 1564 39,
797 1523 836 1552 20
862 1529 879 1554 s
905 1517 1151 1563 proferuntur:
1179 1520 1361 1561 γεωδαισία
1387 1521 1442 1552 καὶ

211 1578 386 1621 λογιστικὴ
405 1577 541 1619 ταύταις
559 1576 733 1620 ἀνάλογον
747 1578 822 1614 scil.
841 1579 881 1621 τῇ
899 1581 1084 1622 γεωμετρίᾳ
1101 1580 1155 1611 καὶ
1170 1579 1210 1620 τῇ
1224 1576 1440 1621 ἀριθμητικῇ.

210 1636 389 1672 Nimirum
419 1638 613 1681 propterea
644 1635 781 1672 similes
808 1639 907 1681 sunt,
943 1635 1036 1680 quod
1066 1636 1193 1672 eadem
1223 1636 1367 1673 ratione
1399 1647 1442 1672 ac

211 1696 274 1733 via
300 1696 503 1741 procedunt
523 1699 633 1740 atque
658 1696 734 1732 illis
753 1695 855 1741 quasi
877 1698 1131 1742 procreantur;
1159 1707 1245 1742 ergo
1262 1697 1332 1732 hae
1358 1696 1442 1732 illas

212 1757 488 1799 consequuntur.
553 1756 693 1791 Iterum
726 1755 764 1791 in
796 1766 872 1792 var.
907 1755 987 1791 coll.
1021 1766 1097 1800 cap.
1122 1756 1346 1791 LXXXHI
1383 1756 1443 1791 liic

213 1814 298 1850 ordo
326 1814 447 1859 aliqua
474 1825 518 1851 ex
533 1817 642 1860 parte
665 1815 926 1860 comprobatur,
952 1814 1024 1851 etsi
1048 1814 1208 1861 vestigia
1226 1825 1444 1861 magnopere

213 1876 407 1909 attenuata
433 1877 528 1910 sunt.

310 1933 390 1968 Iam
431 1935 602 1978 apparet,
646 1943 710 1969 cur
744 1932 918 1970 Geminus
950 1932 995 1968 in
1028 1934 1136 1969 rebus
1174 1933 1445 1970 mathematicis

212 1991 407 2037 praecipue
447 1991 485 2027 id
529 1992 767 2037 spectaverit,
813 1994 989 2037 quatenus
1032 1992 1222 2038 disciplina
1260 1993 1445 2038 quaelibet

214 2051 378 2095 aliaeque
417 2051 584 2088 notiones
619 2054 684 2087 aut
720 2052 765 2087 ad
806 2062 949 2087 sensum
985 2052 1163 2096 (αἴσθησις)
1204 2053 1443 2089 materiamve

214 2114 280 2147 aut
314 2110 361 2147 ad
399 2110 626 2147 intellectum
667 2110 779 2158 (νοῦς)
814 2110 1024 2156 pertineret.
1060 2110 1312 2157 ‘Quamquam
1352 2111 1444 2148 enim

213 2171 311 2207 haud
336 2170 460 2217 ignoro
487 2170 690 2210 discrimen,
727 2170 821 2215 quod
842 2170 1041 2206 intercedit
1065 2170 1161 2206 inter
1188 2170 1444 2217 intellegibilia

215 2233 254 2266 et
286 2229 481 2272 sensibilia,
514 2229 586 2265 iam
613 2230 762 2266 Platoni
791 2229 898 2275 plane
928 2232 1158 2275 perspectum
1190 2229 1343 2275 ideoque
1371 2229 1443 2267 Ge-

215 2288 302 2325 mini
337 2288 559 2335 temporibus
586 2288 691 2343 ·inter
725 2299 847 2325 omnes
886 2288 1117 2325 tritissimum
1150 2288 1279 2332 fuisse,
1320 2292 1445 2326 tamen

590 2344 598 2348 .
1229 2347 1270 2377 4*
