1721 2633
647 150 888 181 -76—

146 248 249 290 μένης
265 245 432 288 λαβόντες
454 245 516 290 τὴν
534 244 749 290 ἀναγραφὴν,
779 244 852 281 ἀλλ’
874 247 911 281 ἐκ
927 249 1044 291 πείρας
1061 246 1102 281 τὸ
1129 246 1320 290 σύμφωνον
1338 245 1385 289 ὥς

149 306 283 349 ἔγγιστα
313 306 478 348 λαβόντες
509 308 606 352 (pag.
635 309 679 340 33
706 305 807 353 Pet.)
828 333 835 340 .
855 333 862 340 .
884 332 891 340 .
913 332 920 340 .
950 303 1098 348 ἄτεχνον
1128 305 1193 350 γάρ
1226 319 1256 340 τι
1281 308 1384 351 μέρος

148 366 215 399 ἐστὶ
251 366 359 398 τοῦτο
394 366 454 407 τῆς
488 363 715 408 ἀστρολογίας
740 368 795 399 καὶ
822 363 887 399 οὐκ
913 362 1013 406 ἀξιον
1038 369 1220 408 προφορᾶς
1256 365 1383 410 (ibid.).

147 421 226 458 Οὔτ’
256 420 359 464 οὗτος
386 423 405 458 ὁ
433 422 540 468 ἀστὴρ
567 423 660 469 (scil.
690 423 881 468 Canicula)
913 421 993 457 οὔτε
1020 421 1124 464 ἄλλος
1157 423 1269 464 οὐδεὶς
1294 428 1383 467 τηλι-

146 482 277 526 καύτην
321 483 395 517 τινὰ
431 483 578 524 δύναμιν
613 483 694 525 ἔχει,
739 479 828 517 ὥστε
854 486 1044 526 μεταβολῆς
1086 485 1163 526 περὶ
1205 481 1268 517 τὸν
1301 481 1384 527 ἀέρα

146 541 412 584 κατασκευάζειν
426 569 433 576 .
452 568 459 575 .
477 568 484 575 .
502 568 510 575 .
532 538 616 576 ὅθεν
633 544 690 575 καὶ
708 541 849 585 Βόηθος
866 541 886 576 ὁ
900 542 1092 584 φιλόσοφος
1108 542 1145 576 ἐν
1163 546 1213 588 τῷ
1230 541 1382 587 τετάρτῳ

145 604 268 646 βιβλίῳ
310 602 373 635 τοῦ
408 600 548 644 Ἀράτου
578 600 765 644 ἐξηγήσεως
795 600 971 643 φυσικὰς
1004 602 1041 645 (l)
1075 599 1134 642 τὰς
1164 603 1272 642 αἰτίας
1298 600 1382 635 ἀπο-

146 662 296 694 δέδωκεν
328 662 401 694 τῶν
426 673 463 693 τε
487 660 698 700 πνευμάτων
723 663 778 694 καὶ
805 658 959 704 ὄμβρων,
996 661 1093 706 (pag.
1122 663 1191 704 35).
1243 659 1383 706 Quibus

145 720 236 755 locis
263 720 407 756 collatis
435 720 597 755 dubitari
614 720 748 765 nequit,
775 720 862 763 quin
881 720 1056 756 Geminus
1082 721 1171 755 illud
1194 730 1383 764 corporum
1422 737 1423 740 =

147 779 356 815 caelestium
389 779 548 816 studium
579 790 726 825 prorsus
758 779 862 815 nihili
889 790 985 825 esse,
1019 780 1150 816 nedum
1184 780 1232 816 ad
1265 779 1383 825 ipsam

145 838 444 874 mathematicam
477 842 593 874 artem
620 839 804 884 pertinere
831 850 1043 884 persuasum
1073 839 1260 884 habuerit3
1296 849 1382 884 ergo

144 897 239 933 idem
272 900 400 934 auctor
430 898 468 934 in
498 909 576 935 var.
617 898 696 934 coll.
729 908 807 943 cap.
840 899 1044 934 LXXXII
1081 909 1144 934 suo
1179 898 1256 934 iure
1291 899 1382 934 haec

144 957 318 993 affirmat:
346 956 428 992 οὐδὲ
455 957 496 992 τὸ
516 959 670 1001 δημῶδες
686 956 855 999 μουσικὸν
875 957 894 1002 ἢ
913 956 951 992 τὸ
968 961 1043 1002 περὶ
1062 957 1121 998 τὰς
1139 957 1254 1000 φάσεις
1273 985 1280 992 .
1300 985 1307 992 .
1330 987 1336 992 .
1356 986 1380 999 .,

144 1016 191 1058 ὡς
227 1018 362 1052 οἴονταί
386 1030 488 1059 τινες,
521 1019 606 1062 με’ρη
631 1021 869 1061 μαθηματικῆς
900 1020 990 1052 εἰσιν.
1024 1019 1120 1063 (pag.
1156 1021 1236 1063 278,
1253 1023 1285 1051 19
1320 1027 1382 1062 ss).

144 1076 247 1121 Quae
280 1077 520 1121 congruentia
548 1087 589 1112 eo
616 1077 733 1122 magis
760 1077 949 1121 urguenda
976 1080 1044 1119 est,
1072 1077 1166 1119 quod
1191 1077 1383 1120 plerosque

143 1138 310 1172 veterum
338 1138 448 1180 atque
475 1146 538 1172 eos
557 1135 784 1172 doctissimos
812 1135 1140 1182 sagacissimosque
1167 1136 1236 1171 hac
1263 1145 1381 1180 super-

143 1195 292 1232 stitione
326 1199 541 1231 occaecatos
574 1195 687 1230 fuisse
720 1197 876 1230 constat.
930 1195 1087 1231 Tantum
1112 1194 1230 1241 'igitur
1264 1196 1382 1240 abest,

142 1260 184 1290 ut
212 1254 286 1290 ulla
312 1253 560 1299 discrepantia
587 1254 686 1289 alter
713 1256 842 1290 auctor
874 1255 919 1289 ab
947 1254 1062 1290 altero
1089 1257 1315 1300 segregetur,
1341 1256 1382 1289 ut

143 1316 272 1349 contra
307 1314 402 1349 omni
441 1313 671 1349 dubitatione
710 1316 852 1349 remota
891 1324 998 1348 unum
1039 1313 1152 1349 fuisse
1191 1313 1381 1350 Geminum

142 1373 422 1408 demonstretur.

240 1431 326 1467 Huc
354 1430 508 1475 accedit,
537 1430 631 1475 quod
657 1429 751 1466 ratio
771 1430 1000 1475 disceptandi
1019 1430 1186 1476 scriptori
1203 1431 1381 1477 Isagoges

141 1492 289 1536 propria
315 1490 440 1526 multis
457 1490 625 1535 partibus
644 1489 790 1526 Gemini
815 1490 936 1525 stilum
954 1490 1105 1535 redolet,
1133 1491 1275 1534 qualem
1302 1501 1381 1526 cum

141 1562 186 1586 ex
218 1550 301 1586 aliis
333 1549 550 1595 fragmentis
583 1548 853 1585 mathematicis
880 1552 957 1585 tum
992 1560 1011 1585 e
1037 1549 1215 1586 linearum
1242 1549 1380 1595 discep-

140 1610 283 1646 tatione
319 1609 567 1655 cognovimus;
602 1609 687 1646 vide
722 1619 832 1654 supra
865 1620 949 1655 pag.
987 1613 1029 1644 19
1062 1619 1109 1645 ss.
1161 1610 1378 1654 Priusquam

142 1670 235 1705 enim
263 1669 311 1704 ad
335 1679 396 1704 res
415 1668 667 1713 explanandas
686 1668 884 1713 descendit,
912 1678 1053 1712 semper
1076 1668 1187 1704 ferme
1212 1668 1379 1704 notiones

140 1729 344 1774 primarias,
365 1738 455 1772 quas
474 1730 603 1772 postea
617 1731 857 1772 usurpaturus
872 1731 939 1772 est,
958 1727 1234 1763 accuratissime
1249 1727 1380 1764 dividit

141 1791 336 1832 partesque
376 1787 559 1822 describit.
620 1787 732 1822 Initio
773 1787 904 1831 capitis
944 1787 1040 1823 sexti
1080 1787 1234 1831 exempli
1270 1797 1379 1823 causa

143 1847 228 1892 quid
243 1847 291 1883 sit
305 1846 440 1882 mensis
456 1845 653 1891 diligenter
669 1845 825 1881 excutit:
838 1844 907 1889 μήν
920 1845 990 1880 ἐστι
1003 1846 1131 1889 χρόνος
1146 1843 1214 1879 ἀπὸ
1227 1845 1379 1880 συνόδου

141 1908 194 1941 ἐπὶ
213 1907 374 1947 σύνοδον,
401 1905 420 1950 ἢ
445 1904 515 1940 ἀπὸ
532 1906 748 1948 πανσελήνου
766 1906 818 1939 ἐπὶ
835 1906 1061 1949 πανσέληνον.
1103 1904 1158 1942 Of.
1177 1916 1254 1950 cap.
1274 1906 1381 1942 XIII

141 1977 225 2011 pag.
259 1969 303 2000 29
334 1965 416 2001 Pet.
451 1967 488 2001 et
526 1975 604 2009 cap.
632 1965 710 2003 XV
740 1975 824 2011 pag.
859 1967 903 1998 35
930 1965 1013 2001 Pet.
1065 1964 1224 2000 Maxime
1257 1967 1380 2000 autem

142 2032 231 2071 tum,
260 2036 339 2061 cum
366 2024 482 2061 eidem
509 2024 686 2061 vocabulo
706 2024 836 2069 duplex
854 2035 980 2061 sensus
1007 2024 1067 2061 vel
1083 2024 1218 2069 triplex
1245 2025 1379 2070 subest,

142 2094 430 2129 unamquamque
466 2083 769 2129 significationem
806 2094 850 2118 ex
885 2083 1008 2119 ordine
1045 2083 1229 2119 examinat
1268 2086 1380 2127 atque

145 2143 304 2189 expedit,
332 2143 434 2179 velut
462 2143 506 2179 de
529 2142 706 2180 vocabulo
731 2141 838 2187 ἡμέρα
864 2142 902 2178 in
930 2153 1006 2187 cap.
1024 2143 1061 2181 V
1085 2143 1177 2178 haec
1196 2143 1380 2179 docemur:

144 2203 251 2247 ἡμέρα
274 2203 405 2246 λέγεται
428 2203 532 2244 διχῶς
551 2213 558 2220 ·
577 2202 656 2235 καθ’
675 2201 733 2236 ἕνα
751 2203 814 2243 μὲν
840 2200 976 2245 τρόπον
1001 2200 1130 2245 χρόνος
1156 2200 1175 2235 ὁ
1203 2199 1272 2236 ἀπὸ
1298 2199 1379 2235 ἀνα-

146 2263 248 2305 τολῆς
274 2259 374 2306 ἡλίου
399 2262 497 2305 μέχρι
516 2260 648 2302 δύσεως
668 2272 674 2277 ·
693 2261 772 2295 καθ’
786 2260 904 2305 ἕτερον
922 2262 957 2295 δὲ
975 2259 1109 2304 τρόπον
1126 2258 1232 2305 ἡμέρα
1250 2261 1381 2304 λέγεται

146 2321 273 2365 χρόνος
291 2320 310 2355 ὃ
329 2319 388 2363 ἀφ’
407 2319 505 2364 ἡλίου
524 2319 693 2363 ἀνατολῆς
708 2322 827 2364 μέχρις
847 2319 944 2364 ῆλιόυ
971 2318 1071 2362 αὖθις
1097 2320 1266 2364 ἀνατολῆς
1285 2331 1293 2342 ·
1311 2319 1379 2354 ἔστι
