1721 2633
762 127 979 159 ..6.-

251 224 468 261 Platonicus
487 224 680 271 permulta,
708 235 801 269 quae
821 224 868 260 ad
885 224 1075 261 historiam
1094 225 1186 261 artis
1203 226 1488 262 mathematicae

252 286 356 320 recte
383 283 660 320 describendam
685 284 875 329 plurimum
900 284 1042 330 valent,
1075 283 1371 321 commentationi
1402 295 1490 321 suae

254 342 499 389 admiscuerit,
526 342 690 388 profecto
712 343 811 380 tanti
829 343 900 379 erit
917 343 955 379 in
973 354 1017 379 ea
1042 343 1233 388 inquirere,
1261 353 1353 388 quae
1380 354 1403 379 a
1421 343 1490 380 Ge-

253 402 347 438 mino
377 402 555 448 originem
581 402 779 447 traxerint,
812 405 854 439 ut
881 402 1040 439 auctoris
1066 402 1137 439 fide
1164 412 1319 439 excussa
1345 404 1384 438 et
1409 412 1489 448 per-

253 471 369 507 pensa
394 461 517 498 Procli
543 461 716 498 memoria
741 464 844 499 recte
871 462 1095 499 aestimetur.

353 520 472 567 Quam
498 521 751 566 quaestionem
769 522 942 568 Tannery
966 522 1004 558 in
1029 533 1072 558 eo
1097 521 1200 563 libro,
1228 531 1333 567 quem
1357 531 1489 566 nuper-

252 580 341 616 rime
369 580 413 616 de
439 580 642 626 geometria
670 580 817 617 Graeca
849 581 1081 628 conscripsit,
1112 591 1327 627 quamquam
1358 580 1490 617 multos

251 640 351 675 locos
382 650 402 675 e
430 639 575 676 Gemini
605 640 699 676 libro
732 640 880 677 fluxisse
915 637 1026 687 dixit,
1057 651 1285 686 nequaquam
1320 639 1489 681 absolvit,

255 698 340 743 quia
368 703 581 735 accuratam
608 699 892 744 disquisitionem
921 700 1059 745 omisit3
1086 700 1192 736 immo
1214 700 1293 745 ipse
1309 698 1490 735 nonnullis

254 757 344 793 locis
372 757 433 801 (cf.
462 768 492 793 e.
520 769 553 804 g.
582 759 604 795 1.
628 759 651 795 l.
676 770 758 805 pag.
779 763 824 794 28
843 760 909 796 sub
928 759 1051 806 finem)
1078 770 1117 796 se
1144 770 1237 804 quae
1263 758 1419 795 sentiret
1446 768 1491 794 ex

256 819 419 861 tempore
445 817 643 862 protulisse
662 818 855 855 confitetur
874 821 984 863 atque
1002 818 1081 855 fore
1107 822 1244 864 sperat,
1270 821 1312 855 ut
1338 828 1382 854 ea
1408 818 1489 854 sub-

252 875 311 911 tili
331 875 586 912 confirmentur
603 877 848 923 inquisitione,
867 888 973 922 quam
991 877 1069 922 ipse
1084 877 1254 923 neglexit.
1293 877 1390 927 Quia
1402 887 1489 913 vero

253 945 370 980 neque
388 936 563 972 librorum
583 936 712 973 titulos
738 940 839 973 recte
857 936 1120 982 interpretatus
1139 947 1221 973 esse
1238 936 1325 973 mihi
1343 936 1490 973 videtur

253 1005 369 1038 neque
387 995 480 1031 satis
500 995 697 1041 diligenter
715 1006 926 1040 expressam
943 996 1040 1032 illius
1057 996 1141 1031 libri
1159 996 1351 1041 imaginem
1371 995 1489 1030 animo

255 1052 325 1089 sibi
347 1053 464 1100 finxit,
490 1054 585 1090 hanc
612 1054 860 1099 quaestionem
887 1054 1002 1090 denuo
1030 1054 1253 1091 excutiamus
1280 1056 1318 1091 et
1345 1054 1393 1090 ad
1410 1064 1489 1099 pro-

254 1112 412 1149 babilem
429 1113 535 1150 finem
553 1114 750 1159 perducere
777 1124 955 1150 conemur.
