1721 2633
763 117 1002 150 -77-

259 213 304 251 ,δὲ
329 209 441 258 ζὴμὲρα
470 210 557 247 κατὰ
586 211 650 248 τὸν
680 213 841 258 δεύτερον
871 212 1005 257 τρόπον
1036 215 1102 248 τοῦ
1126 212 1259 255 κόσμου
1284 211 1492 258 περιστροφ“

268 274 342 305 κτλ.
395 270 450 308 Of.
476 272 620 309 initium
646 283 723 318 cap.
750 274 779 310 I.

362 330 546 377 Deinceps
564 342 587 368 a
601 332 758 369 decretis
777 334 885 377 atque
900 332 1172 378 sumptionibus,
1191 332 1235 368 de
1254 332 1381 377 quibus
1399 330 1497 367 inter

266 390 471 436 astrologos
507 392 687 436 convenit,
721 393 847 427 auctor
872 391 1086 436 principium
1114 394 1281 436 repetere
1312 391 1418 436 solet,
1452 392 1495 425 ut

264 447 367 485 firma
400 453 580 495 ponantur
614 449 859 495 fundamenta,
892 449 929 485 in
964 450 1091 495 quibus
1127 452 1272 486 ceteras
1304 458 1495 495 argumen-

264 508 425 545 tationes
456 511 635 546 exstruat.
688 508 741 545 Ut
770 519 845 544 rem
877 519 946 545 uno
977 508 1141 554 exemplo
1171 508 1367 554 illustrem,
1401 508 1495 544 hunc

263 559 380 604 locum
407 567 622 604 exscribam:
654 566 827 602 ὑπόκειται
853 567 917 611 γὰρ
943 567 1032 611 πρὸς
1058 564 1143 611 ὅλην
1173 566 1235 610 τὴν
1266 566 1495 611 ἀστρολογίαν

264 622 361 669 ἥλιόν
379 639 414 661 τε
431 629 486 660 καὶ
504 625 648 670 σελήνην
666 629 722 660 καὶ
739 625 823 668 τοὺς
844 628 944 661 πέντε
967 627 1143 671 πλάνητας
1169 627 1339 669 ἰσοταχεῖς
1363 629 1417 660 καὶ
1443 627 1494 668 ἐγ-

262 688 409 725 κυκλίως
439 687 494 718 καὶ
525 684 738 725 ὑπεναντίως
768 686 819 730 τῷ
844 684 962 731 κόσμῳ
995 689 1170 720 κινεῖσθαι.
1223 684 1410 722 Simillime
1435 695 1495 720 res

262 753 302 779 se
319 744 431 779 habet
456 743 492 778 in
512 743 692 788 capitibus
709 744 752 778 X
778 746 815 778 et
832 744 895 778 XI
919 744 1042 789 (pagg.
1073 748 1116 778 25
1145 746 1183 779 et
1210 746 1254 776 27
1274 744 1372 786 Pet.)
1399 743 1495 778 alibi.

260 802 374 838 Falsa
404 812 491 838 vero
521 802 701 847 principia
732 803 777 838 ab
808 801 913 838 initio
943 802 1096 848 refellit,
1139 792 1218 838 cum
1249 812 1333 847 pag.
1368 805 1388 836 3
1415 801 1494 837 Pet.

261 862 329 897 hoc
348 860 560 897 affirmaret:
580 859 623 895 οὐ
640 861 772 901 πάντας
789 863 825 895 δὲ
843 861 924 901 τοὺς
942 861 1080 905 ἀστέρας
1095 861 1317 904 ὑποληπτέον
1333 860 1401 895 ὑπὸ
1415 864 1495 901 μίαν

261 918 458 962 ἐπιφάνειαν
483 923 616 954 κεῖσθαι
635 931 642 938 ·
662 918 736 954 ἀλλ’
769 918 830 960 οὓς
854 922 916 961 μὲν
933 922 1208 964 μετεωροτέρους
1225 919 1408 963 ὑπάρχειν,
1435 918 1497 960 οὓς

262 981 298 1014 δὲ
323 981 595 1023 ταπεινοτέρους.
646 978 816 1024 Apparet
846 979 961 1025 igitur
991 990 1070 1016 eum
1101 979 1329 1024 disceptandi
1354 979 1495 1015 modum

263 1039 428 1084 Gemino,
461 1039 590 1084 quippe
622 1039 683 1083 qui
712 1039 855 1075 ratione
887 1049 930 1075 ac
960 1039 1022 1075 via
1047 1039 1232 1084 procedat,
1260 1039 1376 1075 visum
1404 1048 1495 1084 esse,

261 1098 322 1142 qui
346 1098 527 1134 hominem
553 1098 635 1134 sani
660 1098 785 1134 iudicii
812 1101 920 1141 atque
947 1098 1047 1134 cauti
1072 1098 1209 1143 ingenii
1233 1098 1374 1142 deceat,
1401 1108 1495 1141 quae

261 1157 382 1193 omnia
406 1157 445 1193 in
461 1157 723 1193 mathematico
750 1167 890 1202 quoque
917 1167 1024 1202 opere
1042 1156 1314 1194 observavimus
1332 1156 1495 1201 satisque

261 1216 556 1261 disceptavimus.

357 1276 551 1312 Postremo
590 1278 632 1311 ut
671 1276 714 1311 de
750 1286 882 1321 genere
918 1275 1099 1311 scribendi
1134 1275 1270 1319 aliquid
1304 1275 1492 1320 explicem,

261 1335 479 1379 simplicitas
493 1338 605 1379 atque
616 1334 859 1379 perspicuitas
873 1335 907 1371 ei
917 1335 1096 1371 elementa
1108 1334 1334 1380 astrologiae
1348 1334 1495 1371 docenti

260 1396 446 1438 tamquam
474 1405 662 1439 supremae
688 1394 790 1439 leges
812 1394 1020 1438 propositae
1046 1393 1159 1429 fuisse
1176 1394 1357 1436 videntur,
1386 1394 1495 1430 sicuti

261 1453 357 1499 apud
381 1454 550 1490 Proclum
577 1453 721 1490 Gemini
746 1453 953 1499 fragmenta
979 1453 1136 1490 dilucida
1163 1456 1276 1498 atque
1302 1452 1495 1498 perspicua

261 1514 462 1549 elocutione
497 1513 722 1558 enitescunt,
757 1512 974 1558 praesertim
1012 1524 1092 1550 cum
1127 1513 1209 1550 aliis
1245 1512 1495 1550 commentarii

260 1572 370 1618 locis,
410 1573 538 1617 quibus
576 1572 791 1609 recentioris
829 1572 1040 1609 academiae
1073 1572 1215 1618 placita
1255 1576 1493 1618 exponuntur,

259 1632 379 1677 spissa
406 1632 524 1679 caligo
551 1632 664 1669 offusa
690 1631 747 1668 sit.
