1721 2633
737 124 977 155 -56-

238 221 358 267 specie
382 220 562 256 adductus
581 221 649 265 est,
675 221 717 255 ut
742 218 843 255 illum
866 217 1014 255 titulum
1032 218 1155 257 verbis
1176 220 1269 265 „Sur
1286 220 1322 257 le
1340 220 1472 257 classe·

236 283 335 317 ment
367 280 430 317 des
458 279 622 316 sciences
648 278 977 322 mathematiques“
1008 279 1031 314 1.
1057 279 1079 314 1.
1106 289 1190 324 pag.
1221 283 1264 314 18
1297 280 1473 325 interpre-

235 341 388 376 taretur.
432 338 488 374 At
511 338 606 374 enim
623 337 702 383 ipse
721 337 919 373 concedere
938 337 1082 383 cogitur
1098 337 1196 374 haud
1213 337 1323 374 facile
1347 338 1474 384 omnia,

236 409 329 445 quae
348 409 367 435 e
386 397 532 436 Gemini
556 397 649 434 libro
676 397 723 433 ad
741 397 912 434 Proclum
938 407 1108 434 manasse
1135 399 1290 440 constat,
1317 398 1388 434 hac
1412 408 1474 434 no-

235 459 335 495 tione
363 457 617 502 comprehendi
643 467 761 501 posse,
789 467 868 492 cum
896 467 976 492 eam
1001 456 1166 492 terminis
1195 456 1308 492 artius
1327 457 1474 492 circum-

236 517 412 563 scriptam
447 526 528 552 esse
563 515 689 552 statim
726 518 915 561 appareat.
969 515 1050 562 Qua
1084 515 1226 552 ratione
1259 526 1288 552 e.
1315 527 1348 562 g.
1381 516 1476 552 hanc

236 575 517 621 propositionem
544 570 596 608 ὅτι
622 574 726 616 μόναι
759 582 849 618 τρεῖς
874 577 933 609 εἰσι
959 578 1110 618 γραμμαὶ
1135 577 1191 608 καὶ
1217 573 1260 608 οὐ
1283 577 1421 614 πλείους
1443 577 1476 608 αἱ

238 634 460 677 ὁμοιομερεῖς,
489 632 605 667 εἰθεῖα
628 635 684 666 καὶ
703 631 887 676 περιφερὴς
905 635 961 666 καὶ
980 632 999 676 ἡ
1017 636 1092 676 περὶ
1118 633 1305 676 κύλινδρον
1322 632 1392 675 ἕλιξ
1408 633 1477 668 tali

238 692 444 739 explicandi
470 691 573 728 modo
599 691 819 737 respondere
846 691 964 727 animo
991 690 1059 727 tibi
1084 690 1361 728 informaveris?

336 752 395 788 Ac
421 762 467 787 ne
494 750 634 787 Cantor
660 750 803 795 quidem
828 750 866 786 111
897 750 1114 787 lectionibus
1150 751 1223 787 suis
1259 751 1304 787 de
1338 752 1477 787 mathe-

237 811 450 848 maticorum
485 810 642 847 historia
678 810 793 847 denuo
830 809 938 846 editis
974 812 1113 846 certum
1150 810 1321 847 iudicium
1355 810 1476 847 facere

238 881 348 907 ausus
377 873 444 916 est,
479 869 610 915 quippe
646 869 706 914 qui
731 870 754 905 l
779 870 802 905 1.
829 881 912 915 pag.
941 873 1009 905 382
1041 870 1180 906 diceret
1200 870 1377 927 primario
1405 870 1476 907 Gre-

238 930 325 966 mini
351 930 443 965 libro
471 928 731 965 mathematico
758 928 953 965 fortasse
988 929 1134 965 titulum
1171 920 1291 970 „iiber
1317 929 1374 966 die
1400 929 1476 966 An-

240 990 404 1035 ordnung
438 989 503 1025 der
536 987 806 1024 Mathematik“
842 988 995 1024 inditum
1043 987 1155 1025 fuisse
1197 999 1323 1034 posse
1361 999 1477 1033 neque

240 1048 452 1094 explicaret,
473 1047 646 1091 quomodo
666 1057 746 1082 eum
763 1047 931 1092 intellegi
945 1047 1067 1083 vellet.
1097 1047 1175 1083 Alii
1187 1047 1258 1084 viri
1276 1047 1413 1094 docti*)
1432 1048 1479 1083 ad

240 1108 332 1144 alias
365 1107 596 1144 coniecturas
631 1105 888 1152 confugerunt,
925 1116 1015 1151 quas
1050 1117 1171 1143 omnes
1205 1107 1265 1142 hic
1300 1117 1479 1152 exponere

238 1168 356 1213 piget,
394 1166 479 1211 quia
505 1166 605 1202 nulla
633 1176 712 1201 cum
745 1165 964 1212 fragmentis
1004 1176 1097 1210 quae
1133 1166 1272 1202 tradita
1309 1168 1394 1202 sunt
1432 1167 1477 1202 ab

239 1226 335 1263 omni
360 1228 466 1271 parte
493 1224 671 1262 convenit.

339 1285 413 1322 Sed
455 1284 621 1330 quoniam
666 1287 780 1321 antea
822 1284 1071 1330 inscriptionis
1118 1285 1266 1321 notione
1309 1285 1479 1331 neglecta

240 1345 465 1392 generaliter
511 1344 812 1389 disceptavimus,
862 1354 955 1388 quae
1003 1344 1060 1381 vis
1100 1344 1293 1380 secundum
1332 1343 1479 1381 Gemini

240 1405 462 1448 aliorumque
489 1406 677 1439 auctorum
712 1413 815 1439 usum
850 1402 971 1440 verbis
1002 1402 1022 1447 ἡ
1049 1408 1120 1438 τῶν
1145 1404 1361 1448 μαθημάτων
1388 1404 1480 1446 τάξις

239 1464 358 1501 subsit
385 1463 550 1508 quodque
577 1462 765 1499 consflium
791 1462 854 1499 ille
881 1464 1030 1500 secutus
1056 1463 1121 1506 sit,
1155 1466 1369 1509 argumento
1395 1463 1478 1500 libri

238 1533 416 1570 perpenso
457 1523 504 1558 ad
543 1533 624 1558 eam
664 1521 888 1559 sententiam
925 1522 1134 1559 necessario
1174 1522 1398 1565 adducimur,
1438 1525 1479 1558 ut

239 1585 444 1620 statuamus
483 1582 637 1618 stoicum
676 1581 714 1617 in
749 1592 790 1617 eo
822 1581 929 1627 libro,
969 1581 1029 1627 qui
1068 1585 1143 1626 περὶ
1178 1586 1236 1626 τῆς
1265 1586 1338 1616 τῶν
1367 1585 1479 1626 μαθη-

238 1643 359 1683 μάτων
394 1641 523 1683 τάξεως
556 1640 754 1685 inscriptus
790 1643 887 1686 erat,
923 1651 994 1677 non
1028 1641 1321 1677 distributionem
1352 1641 1390 1677 in
1416 1652 1479 1678 va-

238 1701 313 1737 rias
341 1699 569 1746 disciplinas,
606 1700 671 1735 sed
706 1699 867 1736 ordinem
894 1703 1006 1745 atque
1033 1703 1159 1746 aptam
1186 1699 1480 1745 compositionem

240 1759 525 1796 mathematicae
558 1759 745 1795 doctrinae
777 1760 1004 1805 explanasse.
1058 1760 1162 1807 Quod
1196 1770 1241 1796 ne
1277 1759 1355 1804 quis
1387 1760 1480 1796 male

240 1820 446 1867 intellegat
474 1829 552 1856 eum
578 1819 723 1856 titulum
742 1819 880 1856 nostris
903 1819 1058 1861 verbis,
1063 1820 1175 1862 ,Uber
1198 1819 1267 1855 den
1292 1819 1480 1866 logischen

240 1879 414 1917 Aufbau“
447 1879 525 1917 sive
560 1878 639 1925 „die
671 1879 959 1926 gesetzmassige
988 1879 1213 1925 Gliederung
1244 1879 1308 1916 der
1336 1880 1480 1917 Mathe-

241 1940 395 1985 matik“,
450 1939 594 1975 Graeco
637 1940 814 1975 vocabulo
865 1942 966 1983 „mol
1014 1938 1192 1981 εὐταξίας“
1241 1938 1481 1984 interpretari

241 1998 364 2035 liceat.
423 1998 570 2046 Quanto
601 2008 688 2035 vero
723 1999 814 2035 haec
850 1998 1047 2044 explicatio
1084 1997 1169 2034 aliis
1202 2001 1386 2044 praestet,
1421 1999 1482 2036 vel

240 2058 326 2094 inde
352 2058 580 2103 perspicuum
608 2059 677 2102 est,
706 2058 799 2101 quod
825 2058 877 2093 sic
903 2057 1071 2093 nimirum
1095 2068 1340 2102 quaecumque
1358 2068 1480 2102 super-

243 2119 330 2156 sunt
357 2116 504 2154 Gemini
529 2116 747 2164 fragmenta,
777 2118 846 2153 hoc
872 2127 942 2153 uno
970 2116 1078 2153 titulo
1105 2115 1213 2154 facile
1240 2116 1480 2153 continentur.

341 2177 398 2214 At
424 2177 578 2213 alterum
601 2176 761 2213 traditur
784 2177 869 2213 libri
886 2187 1026 2219 nomen,
1055 2177 1148 2221 quod
1166 2176 1314 2213 exhibet
1333 2175 1481 2213 Eutocii

344 2305 374 2345 *)
397 2304 441 2336 cf.
463 2313 489 2336 ο.
510 2313 540 2343 g.
562 2304 601 2336 M.
625 2304 658 2335 Ο.
678 2304 713 2336 P.
739 2304 874 2335 Schmidt
894 2304 973 2336 Phil.
993 2307 1016 2336 t.
1037 2304 1075 2335 45
1096 2313 1167 2344 pag.
1189 2304 1226 2335 71
1241 2312 1264 2335 Β.
