1721 2633
763 131 1004 163 -74-

265 229 301 265 in
336 227 551 273 quaestione
586 226 726 264 versati
755 226 794 263 in
825 237 979 273 magnas
1016 226 1259 264 difficultates
1296 227 1503 274 delabimur,

266 289 354 334 quia
377 288 462 333 quid
489 287 770 324 mathematicus
804 288 848 324 de
874 289 982 324 rebus
1009 287 1230 324 caelestibus
1263 289 1418 325 senserit
1442 289 1503 325 In-

265 348 493 384 troductione
532 348 663 384 omissa
699 348 806 393 plane
842 348 1050 394 ignoramus
1089 358 1205 392 neque
1237 348 1432 394 contingit,
1464 351 1505 384 ut

265 419 309 444 ex
335 409 528 445 verborum
560 419 624 444 usu
652 407 848 452 quidquam
883 407 1071 444 efficiatur.
1124 408 1227 444 Unus
1255 410 1378 444 autem
1404 409 1504 445 locus

269 490 308 493 ψ
331 468 410 503 dico
430 469 492 503 Pr.
520 479 602 512 pag.
638 471 716 512 109,
731 473 766 500 95
794 478 831 502 ss
853 467 984 512 -,qui
1011 467 1057 502 ad
1082 468 1176 502 hanc
1195 478 1342 502 causam
1369 468 1505 512 aliquid

264 527 440 571 proficere
472 527 627 567 videtur,
662 526 753 561 nihil
786 526 935 571 gravius
966 526 1197 571 peculiareve
1234 526 1391 563 exhibet.
1444 526 1505 563 An

265 586 459 631 quidquam
488 596 532 621 ex
559 596 600 621 eo
621 585 786 621 conicere
812 585 910 630 licet,
942 586 1036 629 quod
1063 589 1100 621 et
1125 586 1192 622 11οο
1219 586 1297 622 1000
1325 589 1364 622 01
1389 586 1427 621 in
1443 587 1504 622 In-

265 645 507 681 troductionis
546 655 622 690 cap.
650 645 752 682 VHI
791 645 917 681 eadem
949 645 1093 681 ratione
1125 645 1213 681 solis
1246 644 1411 682 defectus
1444 656 1503 682 ex-

263 705 451 751 plicatur?

364 765 490 801 Nihilo
510 764 628 800 secius
655 764 753 800 inter
771 764 986 809 scriptorem
1004 765 1183 810 Isagoges
1211 775 1255 801 ac
1271 764 1502 801 Posidonium

265 825 418 862 stoicum
453 824 609 869 aliquam
643 824 871 861 intercedere
904 824 1080 860 rationem
1107 835 1211 860 nemo
1237 824 1395 861 virorum
1423 824 1503 860 doc-

264 884 435 929 torum,*)
456 883 621 927 quamvis
640 883 748 928 longe
767 884 863 919 inter
886 894 925 919 se
944 883 1193 928 dissenserint,
1220 894 1356 928 negare
1374 884 1503 927 potuit.

265 943 382 989 Quam
401 942 611 978 accuratius
631 942 821 986 anquirere
842 942 914 977 etsi
940 953 1011 978 non
1030 953 1145 977 meum
1172 945 1239 983 est,
1268 945 1392 978 tamen
1409 943 1505 978 Mar-

265 1004 348 1039 tinii
363 1005 599 1048 praeceptum
618 1002 705 1037 mihi
720 1004 911 1046 probatum
931 1002 990 1037 hic
1004 1002 1132 1038 referri
1151 1004 1309 1047 oportet:
1330 1002 1505 1039 Geminus

264 1062 471 1106 astrologus
504 1072 526 1095 a
557 1061 673 1096 stoico
706 1061 765 1096 illo
798 1061 914 1095 multa
944 1061 1095 1105 recepit,
1123 1061 1195 1096 alia
1223 1061 1398 1106 correxit,
1430 1061 1505 1096 alia

266 1124 394 1157 contra
413 1121 523 1156 istum
546 1119 772 1164 explanavit.
817 1120 953 1157 Verum
973 1120 1064 1156 haec
1083 1120 1202 1156 omnia
1220 1120 1356 1156 cadunt
1375 1120 1411 1156 in
1431 1119 1504 1157 Ge-

264 1180 397 1215 minum
416 1178 796 1222 mathematicum!**)

364 1238 437 1275 Sed
462 1238 749 1274 Introductionis
783 1240 909 1273 auctor
939 1249 1011 1273 non
1035 1239 1139 1274 modo
1167 1249 1244 1274 cum
1272 1239 1340 1274 hoc
1365 1239 1504 1274 mathe-

264 1299 410 1344 matico,
436 1309 562 1335 verum
581 1298 692 1333 etiam
720 1309 798 1333 cum
819 1297 998 1342 scriptore
1021 1298 1105 1333 libri
1123 1298 1395 1343 meteorologici
1423 1301 1504 1334 arto

266 1357 460 1394 affinitatis
476 1357 620 1392 vinculo
640 1356 855 1392 coniunctus
875 1359 949 1400 est3
969 1359 1010 1392 ut
1027 1356 1140 1402 igitur
1159 1367 1248 1402 eum,
1268 1356 1327 1401 qui
1346 1356 1505 1392 ordinem

267 1421 378 1462 atque
414 1416 708 1461 compositionem
741 1416 1027 1452 mathematicae
1063 1416 1249 1453 doctrinae
1284 1417 1504 1462 explanavit,

266 1489 287 1513 a
312 1477 558 1521 meteorologo
584 1476 742 1512 discerni
765 1487 834 1511 non
860 1486 966 1520 posse
990 1487 1100 1520 supra
1127 1475 1224 1522 (pag.
1245 1479 1288 1510 68
1309 1475 1361 1522 ss)
1388 1478 1505 1511 osten-

266 1537 393 1582 dimus,
421 1536 475 1571 ita
501 1537 687 1581 Isagogen
715 1538 753 1571 et
780 1535 898 1580 ipsam
926 1546 948 1570 a
967 1535 1130 1580 Gemino,
1158 1546 1277 1571 rerum
1304 1535 1505 1571 sublimium

267 1595 551 1639 caelestiumque
579 1594 752 1639 studioso,
786 1594 1021 1639 compositam
1049 1604 1129 1630 esse
1156 1594 1191 1630 in
1218 1594 1411 1639 propatulo
1438 1596 1505 1630 est.

265 1657 364 1701 Ergo
406 1654 650 1698 consequitur,
698 1656 739 1689 ut
780 1654 834 1689 illi
873 1657 951 1690 tres
992 1653 1091 1699 libri,
1138 1664 1225 1698 quos
1267 1654 1314 1689 ad
1361 1653 1505 1690 Gemini

265 1726 393 1752 nomen
426 1714 555 1750 referri
587 1714 624 1749 in
657 1713 801 1749 exordio
833 1713 939 1749 huius
971 1713 1242 1750 dissertationis
1269 1713 1430 1759 diximus,
1458 1714 1504 1749 ab

265 1785 334 1811 uno
359 1774 555 1818 eodemque
581 1773 659 1809 viro
684 1773 789 1809 docto
809 1772 965 1809 confecti
992 1772 1075 1818 sint,
1102 1772 1162 1817 qui
1181 1775 1219 1809 et
1236 1772 1504 1809 mathematicis

268 1838 306 1870 et
319 1833 609 1879 meteorologicis
626 1835 663 1868 et
679 1832 935 1869 astronomicis
952 1832 1082 1869 studiis
1097 1832 1241 1868 deditus
1260 1832 1337 1868 fuit.
1373 1833 1504 1879 Quam-

269 1895 389 1930 obrem
407 1893 556 1929 Manitii
578 1893 790 1938 opinionem,
812 1892 913 1928 cuius
934 1892 1159 1938 gravitatem
1180 1902 1291 1936 supra.
1305 1892 1504 1937 minuimus,

268 1964 418 1997 pravam
446 1963 527 1988 esse
554 1963 649 1988 nunc
676 1952 817 1996 quidem
846 1954 1010 1997 apertum
1036 1955 1105 1988 est.

371 2011 596 2057 Quamquam
625 2013 748 2046 autem
773 2011 832 2047 vel
859 2011 915 2046 his
943 2010 1166 2057 argumentis
1183 2011 1424 2055 unusquisque
1450 2010 1506 2046 ita

269 2070 525 2116 obstringitur,
552 2073 593 2106 ut
619 2070 656 2105 id
684 2070 778 2114 quod
805 2071 909 2107 modo
936 2069 1250 2115 pronuntiavimus
1276 2069 1375 2105 nullo
1402 2069 1505 2105 modo

269 2131 483 2175 impugnare
517 2129 646 2175 possit,
681 2132 804 2165 tamen
839 2141 858 2165 e
892 2141 932 2165 re
968 2129 1038 2165 erit
1073 2129 1272 2174 anquirere,
1308 2139 1392 2165 num
1423 2127 1505 2164 aliis

370 2267 399 2306 *)
421 2267 467 2296 Cf.
489 2267 616 2296 Martini
639 2269 755 2303 quaest.
777 2266 919 2296 Posidon.
941 2275 1033 2304 pagg.
1056 2267 1219 2296 364-384.

355 2317 401 2355 *“)
424 2315 503 2346 Vide
525 2325 618 2354 supra
639 2325 702 2354 cap.
725 2316 757 2345 II
779 2317 909 2355 pag232
925 2324 963 2345 ss.
