1721 2633
718 109 961 141 -34-

222 203 429 239 necessario
456 203 573 240 eidem
599 204 742 241 auctori
767 204 997 242 tribuendum
1024 216 1103 243 esse
1130 216 1211 243 eam
1238 208 1281 244 ob
1309 217 1456 245 causam

220 263 407 308 permagni
433 263 600 309 interest,
627 264 721 308 quod
746 264 804 300 hic
830 265 1231 302 vehementissimarum
1256 278 1456 314 pugnarum

218 321 352 357 indicia
395 322 580 367 paululum
620 326 845 369 comparent,
884 334 973 368 quas
1012 324 1121 360 stoici
1160 324 1454 369 demonstraturi,

220 380 348 425 quanti
386 382 617 418 aestimanda
656 385 755 418 esset
792 383 1055 420 mathematica
1094 384 1274 430 doctrina,
1312 386 1455 423 acribus

217 439 348 476 studiis
381 451 459 476 cum
490 441 690 487 Pyrrhonis
725 441 911 487 discipulis
947 443 1126 486 edebant3
1163 454 1247 479 nam
1283 444 1331 490 ei,
1366 455 1454 489 quos

215 499 370 538 Procius
396 501 519 538 verbis
547 502 578 536 οἱ
604 500 710 546 ἕτεροι
736 512 818 548 pag.
853 505 938 549 ¹77,5
965 502 1053 539 dicit
1084 505 1194 549 atque
1221 514 1300 541 cum
1326 504 1453 541 stoicis

217 560 424 601 committit,
460 560 624 605 profecto
666 561 817 606 sceptici
857 562 1095 608 intellegendi
1133 566 1229 608 sunt,
1268 574 1290 599 a
1325 564 1453 608 quibus

214 628 337 655 omnes
352 619 576 664 sumptiones
590 630 721 656 revera
740 630 808 656 uno
824 620 967 656 nomine
982 619 1160 662 ὑποθέσεις
1174 622 1452 667 comprehensas

215 688 296 714 esse
323 678 433 714 testis
460 682 519 715 est
546 679 681 716 Sextus
698 679 802 724 Emp.
832 680 913 716 adv.
932 681 1101 717 mathem.
1128 681 1150 717 1.
1171 682 1235 717 III
1261 682 1281 726 ξ
1309 686 1329 716 4
1356 683 1451 728 (pag.

216 738 284 770 698
317 736 459 784 Bekk.),
493 748 571 773 cum
603 738 796 783 hypotesin
829 739 877 773 ad
907 740 1000 774 hunc
1034 739 1175 775 modum
1213 740 1450 775 describeret:

212 794 377 831 ὑπόθεσιν
394 800 567 839 καλοῖμεν
585 795 697 841 ἀρχὴν
715 795 936 843 ἀποδείξεων,
965 797 1098 841 αἴτησιν
1122 795 1232 833 οὖσαν
1248 798 1451 843 πράγματος

212 857 257 896 εἰς
281 856 494 900 κατασκευήν
521 870 624 898 τινος.

311 915 382 952 Sed
413 926 484 952 non
515 917 628 952 solum
661 916 917 961 principiorum
948 917 1142 962 vocabula,
1178 917 1307 962 quibus
1343 917 1450 953 stoici

211 975 421 1021 utebantur,
452 986 574 1011 verum
609 975 720 1011 etiam
746 975 926 1011 rationem
952 977 1216 1012 theorematum
1244 979 1282 1012 et
1308 977 1448 1021 proble-

212 1036 349 1069 matum
368 1034 695 1074 discernendorum‚
724 1034 841 1078 qualis
860 1034 1054 1070 Posidonio
1078 1035 1228 1079 placuit,
1257 1035 1303 1070 ab
1322 1035 1446 1071 eodem

211 1095 360 1128 auctore
392 1093 626 1130 derivandam
654 1103 735 1129 esse
766 1104 877 1138 supra
915 1093 962 1128 ad
987 1104 1070 1139 pag.
1099 1097 1201 1138 80,21
1228 1104 1267 1129 ss
1302 1094 1445 1130 demon-

210 1152 407 1188 stravimus
440 1152 536 1196 (vide
568 1163 651 1197 pag.
685 1152 757 1198 28).
810 1152 931 1198 Quare
966 1163 1036 1187 non
1067 1155 1205 1188 temere
1236 1153 1370 1195 evenit,
1404 1156 1446 1189 ut

211 1209 386 1247 Geminus
404 1222 487 1257 pag.
515 1214 596 1256 201,
611 1215 647 1244 15
666 1221 702 1247 ss
728 1214 812 1255 post
838 1210 928 1247 illud
950 1210 1232 1256 propositionum
1252 1211 1445 1247 discrimen

209 1269 452 1314 disceptatum
483 1270 550 1305 has
582 1269 814 1314 quaestiones
846 1272 1053 1315 geometrae
1085 1280 1166 1305 esse
1194 1270 1443 1306 contenderet:

208 1327 248 1362 τὸ
276 1332 310 1361 τί
332 1329 432 1369 ἐστιν,
467 1327 507 1363 τὸ
533 1331 562 1362 εἰ
585 1329 685 1369 ἔστιν,
718 1327 760 1362 τὸ
787 1327 915 1362 ὁποῖόν
941 1332 974 1361 τί
1001 1329 1103 1370 ἐστιν,
1131 1327 1170 1362 τὸ
1197 1328 1253 1362 διὰ
1278 1332 1313 1362 τί
1335 1329 1441 1374 §anm

206 1387 331 1432 utique
359 1388 453 1424 enim
479 1388 572 1424 hunc
600 1389 645 1423 ab
671 1387 733 1423 illo
766 1388 880 1423 stoico
908 1387 999 1423 artis
1025 1388 1211 1428 vocabula,
1240 1398 1332 1432 quae
1358 1399 1441 1434 pag.

207 1450 263 1492 80,
275 1451 312 1480 21
340 1457 557 1493 cognoscere
583 1447 681 1487 licet,
714 1446 901 1491 accepisse
927 1446 1154 1491 perspicuum
1180 1450 1249 1482 est.

302 1506 469 1551 Denique
500 1506 607 1552 paulo
639 1506 802 1551 longiore
835 1505 1083 1542 lucubratione
1116 1505 1351 1542 evincendum
1382 1510 1440 1543 est

204 1576 283 1601 eum
308 1564 531 1610 Apamensis
561 1566 702 1607 librum,
737 1576 842 1609 quem
875 1568 1003 1601 contra
1034 1566 1218 1601 Zenonem
1246 1565 1439 1611 Sidonium,

202 1624 408 1669 Epicureae
444 1626 569 1660 sectae
607 1623 877 1668 philosophum,
919 1623 1188 1667 conscripserat
1224 1623 1281 1668 (cf.
1318 1624 1437 1660 Procl.

201 1693 284 1729 pag.
316 1686 395 1726 199,
411 1688 446 1716 15
473 1686 536 1728 ss),
563 1683 694 1718 Proclo
720 1694 791 1719 non
818 1682 1033 1727 inspectum,
1067 1683 1130 1718 sed
1156 1692 1221 1726 per
1247 1682 1438 1718 Geminum

202 1742 386 1788 cognitum
417 1742 540 1778 fuisse.
594 1742 684 1778 Cum
716 1742 810 1777 enim
843 1741 967 1786 ceteri,
1000 1741 1060 1785 qui
1093 1741 1269 1777 adversus
1297 1742 1436 1777 mathe-

200 1802 353 1838 maticos
373 1803 546 1847 agebant,
579 1803 623 1837 ab
642 1801 747 1837 initio
767 1801 930 1837 omnibus
950 1800 1174 1845 geometriae
1192 1800 1436 1836 fundamentis

200 1861 338 1897 eversis
376 1864 495 1897 totam
532 1860 730 1896 doctrinam
772 1861 943 1896 subruere
983 1860 1193 1904 studerent,
1238 1859 1337 1894 Zeno
1375 1859 1436 1895 ille

200 1920 273 1956 alia
303 1920 366 1956 via
399 1930 443 1956 ac
472 1919 618 1955 ratione
650 1930 727 1955 eam
761 1918 954 1965 profligare
982 1918 1131 1962 studuit,
1164 1928 1239 1953 cum
1268 1918 1315 1953 ad
1340 1919 1435 1954 hunc

198 1979 278 2016 fere
304 1980 445 2016 modum
479 1979 771 2024 ratiocinaretur,
808 1979 864 2023 (cf.
891 1989 973 2024 pag.
1010 1981 1138 2023 199,11
1167 1976 1236 2023 ss):
1270 1980 1312 2013 ut
1336 1977 1433 2022 prin-

198 2039 294 2084 cipia
318 2039 542 2084 geometriae
561 2042 666 2075 recta
685 2042 794 2083 atque
820 2049 910 2074 vera
930 2038 1018 2082 sint3
1044 2048 1089 2073 ne
1117 2037 1170 2072 sic
1187 2037 1329 2080 quidem
1355 2036 1434 2072 fieri

194 2100 330 2143 potest,
362 2101 403 2133 ut
429 2101 638 2144 geometrae
672 2098 765 2132 certi
791 2097 984 2141 quidquam
1013 2107 1058 2131 ex
1085 2095 1136 2131 eis
1164 2095 1335 2141 efficiant,
1361 2096 1433 2130 nisi

195 2157 278 2194 aliis
309 2157 616 2202 propositionibus
644 2156 872 2200 adiuvantur,
907 2166 1000 2199 quae
1034 2157 1098 2190 aut
1127 2154 1290 2199 vulgatis
1317 2153 1432 2189 initiis

193 2226 425 2262 nequaquam
452 2216 683 2252 continentur
708 2219 771 2251 aut
799 2216 914 2251 multo
941 2216 1024 2259 post
1055 2224 1097 2249 ex
1123 2213 1179 2249 his
1198 2212 1431 2249 deducendae

195 2279 290 2313 sunt.
344 2275 450 2324 Quod
474 2278 709 2322 praeceptum
735 2275 790 2310 ita
817 2274 983 2311 stabilire
1006 2276 1160 2310 conatus
1178 2275 1246 2319 est,
1276 2274 1319 2309 ut
1343 2281 1431 2308 non-
