1721 2633
733 141 971 171 —55-

239 234 411 272 maticam
435 245 511 272 rem
529 236 708 281 quandam
738 236 797 274 vel
813 236 1027 274 vocabulum
1044 236 1260 274 invenerunt
1286 237 1346 275 vel
1362 236 1471 283 primi

240 294 489 341 agitaverunt,
508 298 615 340 atque
634 306 766 342 eorum,
784 296 846 340 qui
862 298 991 341 postea.
1008 296 1046 332 in
1063 296 1186 340 aliqua
1204 299 1311 341 parte
1328 297 1469 342 longius

239 354 422 399 progressi
440 357 533 400 sunt,
555 354 734 391 rationem
750 355 890 395 habuit,
918 355 1018 392 cuius
1035 355 1090 392 rei
1106 355 1316 392 testimonia
1333 356 1468 401 passim

237 413 420 457 invenias;
457 414 499 449 cf.
534 424 617 459 pag.
652 418 709 458 41,
748 418 803 459 77,
840 418 895 459 78,
937 418 992 459 80,
1030 418 1109 455 105,
1148 417 1227 454 111,
1267 418 1345 459 118,
1388 419 1467 460 179,

242 475 319 516 181,
348 476 539 514 16,18,21;
574 472 689 516 Papp.
723 472 804 507 coll.
836 483 918 517 pag.
954 476 1087 518 1026,5
1118 483 1155 508 ss
1181 473 1254 508 Hu.
1312 473 1468 509 Praeter

238 530 433 566 stoicorum
458 533 657 576 praecepta
682 530 855 576 imprimis
874 531 1090 568 Aristotelis
1110 531 1367 567 auctoritatem
1394 543 1467 568 am-

237 590 347 634 plecti
369 593 479 634 atque
499 591 544 625 ab
562 590 660 625 illius
675 591 869 626 sententiis
882 590 1067 635 profectus
1095 591 1180 635 quid
1204 591 1283 635 ipse
1301 594 1467 628 censeret

236 660 434 695 proponere
466 649 626 691 solebat3
660 648 703 684 cf.
736 660 818 695 pag.
850 654 958 694 26,12
990 649 1132 697 (τάξις),·
1164 653 1289 691 59,11;
1321 653 1464 695 192,10;

240 712 365 752 194,7;
405 711 544 753 202,11.
597 708 720 753 Quare
750 709 820 745 viri
855 709 953 744 docti
986 709 1125 754 pridem
1159 709 1338 754 suspicati
1371 713 1465 754 sunt,

236 767 365 811 quanti
393 767 461 802 hoc
492 777 578 811 opus
610 766 814 803 faciendum
846 771 955 808 esset,
989 768 1020 803 si
1045 767 1261 813 posteritati
1286 768 1458 804 traditum

237 829 346 862 esset.
372 826 596 872 Quamquam
611 825 803 862 Geminum
816 826 957 871 proprie
971 827 1256 863 mathematicae
1274 827 1464 863 historiam

238 884 473 930 descripsisse
500 884 637 920 Cantor
662 885 724 920 1.1.
750 895 831 931 pag.
859 887 927 919 379
954 885 1032 921 iure
1050 886 1202 931 negavit
1227 896 1343 929 neque
1370 886 1463 930 quis-

236 954 341 988 quam
368 954 460 980 nunc
486 946 570 989 post
588 946 838 990 argumentum
868 944 951 981 libri
970 944 1217 981 examinatum
1236 944 1361 990 aliqua
1387 955 1467 982 611111

235 1002 506 1047 probabilitatis
533 1003 653 1047 specie
679 1003 861 1039 affirmare
886 1006 1021 1047 potest.

439 1111 459 1156 ξ
492 1114 522 1146 2.
572 1110 636 1147 De
668 1110 1030 1156 inscriptionibus
1061 1111 1257 1147 traditis.

332 1180 412 1215 Iam
439 1179 684 1215 condicionem
711 1179 829 1224 operis
855 1179 1106 1215 mathematici
1132 1180 1225 1215 satis
1252 1180 1352 1216 clare
1382 1191 1462 1225 per-

235 1241 396 1284 spectam
423 1239 604 1285 habemus,
631 1243 672 1275 ut
699 1239 743 1275 de
760 1239 1061 1286 inscriptionibus,
1088 1239 1214 1284 quibus
1237 1239 1328 1276 illud
1350 1239 1462 1285 insig-

233 1298 347 1334 nitum
366 1301 457 1342 erat,
484 1301 623 1333 certum
641 1298 810 1334 iudicium
828 1298 951 1334 facere
967 1298 1088 1334 liceat.
1130 1298 1313 1343 Imprimis
1340 1301 1462 1334 autem

234 1356 516 1404 significationes
542 1356 738 1403 titulorum,
765 1368 852 1402 quos
878 1357 1099 1403 posteriores
1123 1360 1290 1394 auctores
1318 1357 1365 1393 ad
1388 1356 1460 1394 Gre-

233 1417 366 1454 minum
391 1417 665 1462 relegaverunt,
697 1417 891 1463 diligenter
917 1417 1117 1453 examinari
1147 1417 1271 1462 magni
1296 1416 1461 1453 interest.

330 1475 440 1520 Apud
465 1476 632 1512 Proclum
659 1476 799 1520 quidem
825 1476 925 1511 nulla
943 1479 1239 1511 commemoratur
1257 1476 1461 1521 inscripti03

234 1536 297 1572 sed
322 1535 418 1579 111116,
456 1535 549 1580 quod
583 1535 829 1571 commentarii
863 1536 961 1572 locus
998 1535 1095 1581 (pag.
1124 1536 1308 1581 4l,3—18)
1335 1537 1462 1580 aperte

234 1595 398 1640 congruit
430 1605 507 1630 cum
541 1594 718 1630 simillimo
743 1595 862 1640 Pappi
886 1595 965 1630 loco
1000 1595 1096 1641 (pag.
1126 1597 1282 1639 1024,17
1309 1605 1346 1630 88
1372 1593 1460 1640 Hu.)

232 1654 303 1692 viri
330 1654 428 1691 docti
452 1656 554 1691 recte
581 1653 776 1690 effecerunt
802 1656 991 1698 utrumque
1023 1653 1148 1690 eodem
1175 1653 1321 1690 Gemini
1354 1663 1461 1699 opere

232 1725 334 1750 usum
369 1725 466 1759 esse,
501 1714 594 1758 quod
619 1714 830 1759 inscriptum
858 1715 939 1748 erat
963 1715 1039 1756 περὶ
1065 1717 1122 1756 τῆς
1148 1717 1220 1747 τῶν
1246 1713 1463 1756 μαθημάτων

231 1773 376 1816 τάξεως
402 1774 495 1810 1111116
522 1773 615 1809 6111111
642 1773 795 1809 indicem
812 1773 958 1817 Pappus
985 1772 1091 1817 paulo
1115 1771 1212 1807 infra
1235 1774 1332 1818 (pag.
1356 1773 1459 1815 1026,

230 1838 248 1865 9
269 1834 356 1876 Hu.)
376 1833 512 1868 diserte
531 1833 669 1878 laudat,
689 1843 769 1868 cum
785 1832 937 1867 Proclus
954 1842 1038 1876 pag.
1059 1834 1115 1876 38,
1129 1837 1147 1863 4
1168 1831 1310 1866 nomine
1328 1831 1461 1867 saltem

230 1891 340 1927 allato
372 1901 416 1926 ea
442 1901 535 1935 quae
560 1890 699 1936 profert
733 1900 814 1926 esse
840 1889 986 1927 Gemini
1010 1891 1180 1925 testetur.
1230 1889 1325 1935 Quid
1349 1889 1462 1935 igitur

230 1950 300 1986 sibi
325 1950 406 1987 vult
432 1950 564 1987 titulus
589 1953 662 1994 περὶ
690 1954 748 1994 τῆς
773 1950 843 1983 τῶν
868 1947 1085 1992 μαθημάτων
1112 1947 1261 1990 τάξεωςῖ)

329 2010 490 2055 Vulgata
517 2012 575 2045 est
601 2010 718 2055 opinio
749 2009 929 2045 notionem
964 2007 1081 2050 ,,τάξις
1115 2009 1185 2041 τῶν
1219 2008 1461 2050 μαθημάτωυ“

230 2069 381 2107 6311116111
412 2079 492 2106 6886
519 2072 629 2114 atque
664 2067 951 2105 distributionem
985 2067 1078 2103 artis
1112 2066 1397 2104 mathematicae
1422 2067 1459 2103 in

230 2130 393 2176 singulas
428 2128 646 2175 disciplinas,
688 2129 788 2166 velut
819 2127 855 2163 in
887 2127 1171 2172 arithmeticam,
1214 2127 1457 2173 geometriam,

231 2188 487 2233 mechanicam,
514 2188 780 2233 astronomiam,
808 2186 909 2232 alias,
944 2187 1039 2231 quod
1065 2188 1103 2222 et
1128 2186 1251 2222 Procli
1277 2190 1315 2223 et
1341 2186 1459 2232 Pappi

228 2249 317 2286 locis
344 2259 431 2293 quos
456 2247 559 2283 modo
587 2247 696 2283 attuli
722 2257 852 2283 revera
877 2247 970 2282 haec
996 2245 1126 2292 agitur.
1178 2246 1349 2291 Tannery
1375 2256 1456 2290 quo-

230 2319 313 2355 que,
350 2308 410 2355 qui
443 2306 646 2354 nuperrime
680 2306 938 2353 inscriptiones
971 2304 1165 2353 tractavit,
1201 2305 1271 2344 hac
1298 2305 1457 2344 locorum
