<?xml version="1.0" encoding="UTF-8"?>
<!DOCTYPE html PUBLIC "-//W3C//DTD XHTML 1.0 Transitional//EN"
    "http://www.w3.org/TR/xhtml1/DTD/xhtml1-transitional.dtd">
<html xmlns="http://www.w3.org/1999/xhtml" xml:lang="en" lang="en">
 <head>
  <title>
</title>
<meta http-equiv="Content-Type" content="text/html;charset=utf-8" />
  <meta name='ocr-system' content='tesseract 3.04.00' />
  <meta name='ocr-capabilities' content='ocr_page ocr_carea ocr_par ocr_line ocrx_word'/>
</head>
<body>
  <div class='ocr_page' id='page_1' title='image "4771752_0043.png"; bbox 0 0 1721 2633; ppageno 0'>
   <div class='ocr_carea' id='block_1_1' title="bbox 683 72 927 104">
    <p class='ocr_par' dir='ltr' id='par_1_1' title="bbox 683 72 927 104">
     <span class='ocr_line' id='line_1_1' title="bbox 683 72 927 104; baseline 0.004 -9"><span class='ocrx_word' id='word_1_1' title='bbox 683 72 825 104; x_wconf 80' lang='lat'>—37</span> <span class='ocrx_word' id='word_1_2' title='bbox 884 91 927 96; x_wconf 86' lang='lat'><strong>—</strong></span> 
     </span>
    </p>
   </div>
   <div class='ocr_carea' id='block_1_2' title="bbox 183 168 1420 2294">
    <p class='ocr_par' dir='ltr' id='par_1_2' title="bbox 187 168 1420 747">
     <span class='ocr_line' id='line_1_2' title="bbox 189 168 1419 215; baseline 0 -9"><span class='ocrx_word' id='word_1_3' title='bbox 189 172 291 206; x_wconf 89' lang='lat' dir='ltr'>recta</span> <span class='ocrx_word' id='word_1_4' title='bbox 310 179 340 205; x_wconf 87' lang='lat' dir='ltr'>e.</span> <span class='ocrx_word' id='word_1_5' title='bbox 358 179 393 215; x_wconf 91' lang='lat' dir='ltr'>g.</span> <span class='ocrx_word' id='word_1_6' title='bbox 411 178 456 204; x_wconf 84' lang='lat' dir='ltr'>ex</span> <span class='ocrx_word' id='word_1_7' title='bbox 481 178 608 205; x_wconf 87' lang='lat' dir='ltr'>novem</span> <span class='ocrx_word' id='word_1_8' title='bbox 635 168 765 205; x_wconf 89' lang='lat' dir='ltr'>atomis</span> <span class='ocrx_word' id='word_1_9' title='bbox 784 168 986 215; x_wconf 88' lang='lat' dir='ltr'>composita</span> <span class='ocrx_word' id='word_1_10' title='bbox 1015 171 1084 211; x_wconf 87' lang='lat' dir='ltr'>est,</span> <span class='ocrx_word' id='word_1_11' title='bbox 1113 171 1176 205; x_wconf 91' lang='lat' dir='ltr'>aut</span> <span class='ocrx_word' id='word_1_12' title='bbox 1193 168 1288 206; x_wconf 88' lang='lat' dir='ltr'>inter</span> <span class='ocrx_word' id='word_1_13' title='bbox 1314 180 1419 215; x_wconf 87' lang='lat' dir='ltr'>quar-</span> 
     </span>
     <span class='ocr_line' id='line_1_3' title="bbox 189 226 1419 272; baseline 0.001 -8"><span class='ocrx_word' id='word_1_14' title='bbox 189 231 266 264; x_wconf 91' lang='lat' dir='ltr'>tum</span> <span class='ocrx_word' id='word_1_15' title='bbox 292 230 331 263; x_wconf 91' lang='lat' dir='ltr'>et</span> <span class='ocrx_word' id='word_1_16' title='bbox 349 226 513 272; x_wconf 90' lang='lat' dir='ltr'>quintum</span> <span class='ocrx_word' id='word_1_17' title='bbox 539 230 712 272; x_wconf 88' lang='lat' dir='ltr'>punctum</span> <span class='ocrx_word' id='word_1_18' title='bbox 736 227 955 264; x_wconf 76' lang='lat' dir='ltr'><strong>dissecatur:</strong></span> <span class='ocrx_word' id='word_1_19' title='bbox 985 230 1024 263; x_wconf 77' lang='lat' dir='ltr'>at</span> <span class='ocrx_word' id='word_1_20' title='bbox 1042 228 1095 264; x_wconf 89' lang='lat' dir='ltr'>sic</span> <span class='ocrx_word' id='word_1_21' title='bbox 1122 228 1276 264; x_wconf 84' lang='lat' dir='ltr'>alteram</span> <span class='ocrx_word' id='word_1_22' title='bbox 1294 231 1419 265; x_wconf 84' lang='lat' dir='ltr'>rectae</span> 
     </span>
     <span class='ocr_line' id='line_1_4' title="bbox 189 286 1418 334; baseline 0.001 -11"><span class='ocrx_word' id='word_1_23' title='bbox 189 289 331 333; x_wconf 87' lang='lat' dir='ltr'>partem</span> <span class='ocrx_word' id='word_1_24' title='bbox 363 288 535 331; x_wconf 83' lang='lat' dir='ltr'>quattuor</span> <span class='ocrx_word' id='word_1_25' title='bbox 565 289 709 333; x_wconf 90' lang='lat' dir='ltr'>puncta,</span> <span class='ocrx_word' id='word_1_26' title='bbox 746 287 901 333; x_wconf 89' lang='lat' dir='ltr'>quinque</span> <span class='ocrx_word' id='word_1_27' title='bbox 933 287 1087 323; x_wconf 88' lang='lat' dir='ltr'>alteram</span> <span class='ocrx_word' id='word_1_28' title='bbox 1119 286 1297 332; x_wconf 80' lang='lat' dir='ltr'>efficiunt3</span> <span class='ocrx_word' id='word_1_29' title='bbox 1334 298 1418 334; x_wconf 91' lang='lat' dir='ltr'>ergo</span> 
     </span>
     <span class='ocr_line' id='line_1_5' title="bbox 188 346 1419 392; baseline 0.001 -10"><span class='ocrx_word' id='word_1_30' title='bbox 188 349 292 382; x_wconf 89' lang='lat' dir='ltr'>recta</span> <span class='ocrx_word' id='word_1_31' title='bbox 310 346 405 382; x_wconf 84' lang='lat' dir='ltr'>linea</span> <span class='ocrx_word' id='word_1_32' title='bbox 423 346 461 382; x_wconf 92' lang='lat' dir='ltr'>in</span> <span class='ocrx_word' id='word_1_33' title='bbox 477 357 605 391; x_wconf 89' lang='lat' dir='ltr'>pares</span> <span class='ocrx_word' id='word_1_34' title='bbox 631 349 757 391; x_wconf 87' lang='lat' dir='ltr'>partes</span> <span class='ocrx_word' id='word_1_35' title='bbox 783 358 864 383; x_wconf 92' lang='lat' dir='ltr'>non</span> <span class='ocrx_word' id='word_1_36' title='bbox 891 346 1009 383; x_wconf 89' lang='lat' dir='ltr'>divisa</span> <span class='ocrx_word' id='word_1_37' title='bbox 1028 350 1095 383; x_wconf 90' lang='lat' dir='ltr'>est.</span> <span class='ocrx_word' id='word_1_38' title='bbox 1133 346 1213 383; x_wconf 90' lang='lat' dir='ltr'>Aut</span> <span class='ocrx_word' id='word_1_39' title='bbox 1231 350 1419 392; x_wconf 89' lang='lat' dir='ltr'>utramque</span> 
     </span>
     <span class='ocr_line' id='line_1_6' title="bbox 189 404 1420 450; baseline 0.001 -9"><span class='ocrx_word' id='word_1_40' title='bbox 189 407 334 450; x_wconf 88' lang='lat' dir='ltr'>partem</span> <span class='ocrx_word' id='word_1_41' title='bbox 361 407 534 450; x_wconf 87' lang='lat' dir='ltr'>quattuor</span> <span class='ocrx_word' id='word_1_42' title='bbox 550 407 688 450; x_wconf 87' lang='lat' dir='ltr'>puncta</span> <span class='ocrx_word' id='word_1_43' title='bbox 715 404 893 441; x_wconf 88' lang='lat' dir='ltr'>efficiunt:</span> <span class='ocrx_word' id='word_1_44' title='bbox 921 408 961 441; x_wconf 83' lang='lat' dir='ltr'>at</span> <span class='ocrx_word' id='word_1_45' title='bbox 987 406 1040 441; x_wconf 91' lang='lat' dir='ltr'>sic</span> <span class='ocrx_word' id='word_1_46' title='bbox 1066 405 1221 441; x_wconf 87' lang='lat' dir='ltr'>medium</span> <span class='ocrx_word' id='word_1_47' title='bbox 1247 408 1420 450; x_wconf 88' lang='lat' dir='ltr'>punctum</span> 
     </span>
     <span class='ocr_line' id='line_1_7' title="bbox 190 465 1418 512; baseline -0.001 -11"><span class='ocrx_word' id='word_1_48' title='bbox 190 465 440 501; x_wconf 83' lang='lat' dir='ltr'>dissecandum</span> <span class='ocrx_word' id='word_1_49' title='bbox 459 465 540 509; x_wconf 88' lang='lat' dir='ltr'>erit,</span> <span class='ocrx_word' id='word_1_50' title='bbox 568 465 605 500; x_wconf 89' lang='lat' dir='ltr'>id</span> <span class='ocrx_word' id='word_1_51' title='bbox 624 465 717 509; x_wconf 91' lang='lat' dir='ltr'>quod</span> <span class='ocrx_word' id='word_1_52' title='bbox 742 465 881 501; x_wconf 91' lang='lat' dir='ltr'>notioni</span> <span class='ocrx_word' id='word_1_53' title='bbox 899 465 1011 501; x_wconf 90' lang='lat' dir='ltr'>atomi</span> <span class='ocrx_word' id='word_1_54' title='bbox 1034 465 1200 501; x_wconf 89' lang='lat' dir='ltr'>nimirum</span> <span class='ocrx_word' id='word_1_55' title='bbox 1227 468 1418 512; x_wconf 84' lang='lat' dir='ltr'>repugnat.</span> 
     </span>
     <span class='ocr_line' id='line_1_8' title="bbox 189 524 1419 570; baseline 0.001 -11"><span class='ocrx_word' id='word_1_56' title='bbox 189 524 411 570; x_wconf 80' lang='lat' dir='ltr'><strong>Quamquam</strong></span> <span class='ocrx_word' id='word_1_57' title='bbox 443 527 566 560; x_wconf 90' lang='lat' dir='ltr'>autem</span> <span class='ocrx_word' id='word_1_58' title='bbox 598 524 753 559; x_wconf 91' lang='lat' dir='ltr'>concedo</span> <span class='ocrx_word' id='word_1_59' title='bbox 779 524 901 559; x_wconf 88' lang='lat' dir='ltr'>Procli</span> <span class='ocrx_word' id='word_1_60' title='bbox 932 526 1045 560; x_wconf 90' lang='lat' dir='ltr'>verba</span> <span class='ocrx_word' id='word_1_61' title='bbox 1072 535 1115 560; x_wconf 90' lang='lat' dir='ltr'>ac</span> <span class='ocrx_word' id='word_1_62' title='bbox 1147 524 1335 560; x_wconf 89' lang='lat' dir='ltr'>consilium</span> <span class='ocrx_word' id='word_1_63' title='bbox 1360 524 1419 560; x_wconf 89' lang='lat' dir='ltr'>hic</span> 
     </span>
     <span class='ocr_line' id='line_1_9' title="bbox 190 581 1419 628; baseline 0 -10"><span class='ocrx_word' id='word_1_64' title='bbox 190 582 264 618; x_wconf 88' lang='grc'><strong>11116</strong></span> <span class='ocrx_word' id='word_1_65' title='bbox 284 594 305 619; x_wconf 88' lang='lat' dir='ltr'>a</span> <span class='ocrx_word' id='word_1_66' title='bbox 324 582 428 620; x_wconf 82' lang='lat' dir='ltr'><strong>Sexti</strong></span> <span class='ocrx_word' id='word_1_67' title='bbox 452 581 693 627; x_wconf 80' lang='lat' dir='ltr'>descriptione</span> <span class='ocrx_word' id='word_1_68' title='bbox 713 583 915 624; x_wconf 87' lang='lat' dir='ltr'>abhorrere,</span> <span class='ocrx_word' id='word_1_69' title='bbox 942 585 1066 618; x_wconf 88' lang='lat' dir='ltr'>tamen</span> <span class='ocrx_word' id='word_1_70' title='bbox 1088 583 1168 628; x_wconf 88' lang='lat' dir='ltr'>ipsa</span> <span class='ocrx_word' id='word_1_71' title='bbox 1192 583 1419 628; x_wconf 88' lang='lat' dir='ltr'>disceptandi</span> 
     </span>
     <span class='ocr_line' id='line_1_10' title="bbox 187 642 1418 688; baseline 0.001 -10"><span class='ocrx_word' id='word_1_72' title='bbox 187 642 282 678; x_wconf 87' lang='lat' dir='ltr'>ratio</span> <span class='ocrx_word' id='word_1_73' title='bbox 314 643 409 688; x_wconf 91' lang='lat' dir='ltr'>apud</span> <span class='ocrx_word' id='word_1_74' title='bbox 434 645 627 686; x_wconf 85' lang='lat' dir='ltr'>utrumque</span> <span class='ocrx_word' id='word_1_75' title='bbox 658 642 711 678; x_wconf 89' lang='lat' dir='ltr'>ita</span> <span class='ocrx_word' id='word_1_76' title='bbox 744 642 911 688; x_wconf 88' lang='lat' dir='ltr'>concinit,</span> <span class='ocrx_word' id='word_1_77' title='bbox 944 645 983 679; x_wconf 90' lang='lat' dir='ltr'>ut</span> <span class='ocrx_word' id='word_1_78' title='bbox 1009 643 1192 688; x_wconf 89' lang='lat' dir='ltr'>Epicurea</span> <span class='ocrx_word' id='word_1_79' title='bbox 1224 643 1301 679; x_wconf 88' lang='lat' dir='ltr'>sive</span> <span class='ocrx_word' id='word_1_80' title='bbox 1327 644 1418 688; x_wconf 88' lang='lat' dir='ltr'>Pyr-</span> 
     </span>
     <span class='ocr_line' id='line_1_11' title="bbox 191 701 1332 747; baseline -0.001 -9"><span class='ocrx_word' id='word_1_81' title='bbox 191 702 328 738; x_wconf 83' lang='lat' dir='ltr'>rhonea</span> <span class='ocrx_word' id='word_1_82' title='bbox 353 701 414 737; x_wconf 89' lang='lat' dir='ltr'>illo</span> <span class='ocrx_word' id='word_1_83' title='bbox 441 702 520 737; x_wconf 92' lang='lat' dir='ltr'>loco</span> <span class='ocrx_word' id='word_1_84' title='bbox 546 712 569 736; x_wconf 89' lang='lat' dir='ltr'>a</span> <span class='ocrx_word' id='word_1_85' title='bbox 594 702 724 737; x_wconf 89' lang='lat' dir='ltr'>Proclo</span> <span class='ocrx_word' id='word_1_86' title='bbox 752 702 947 738; x_wconf 83' lang='lat' dir='ltr'>declamari</span> <span class='ocrx_word' id='word_1_87' title='bbox 973 702 1168 738; x_wconf 84' lang='lat' dir='ltr'>manifesto</span> <span class='ocrx_word' id='word_1_88' title='bbox 1194 705 1332 747; x_wconf 86' lang='lat' dir='ltr'>pateat.</span> 
     </span>
    </p>

    <p class='ocr_par' dir='ltr' id='par_1_3' title="bbox 186 760 1420 1517">
     <span class='ocr_line' id='line_1_12' title="bbox 286 760 1418 807; baseline 0 -10"><span class='ocrx_word' id='word_1_89' title='bbox 286 761 358 798; x_wconf 85' lang='lat' dir='ltr'>Sed</span> <span class='ocrx_word' id='word_1_90' title='bbox 387 771 491 805; x_wconf 89' lang='lat' dir='ltr'>quem</span> <span class='ocrx_word' id='word_1_91' title='bbox 523 761 570 797; x_wconf 90' lang='lat' dir='ltr'>ad</span> <span class='ocrx_word' id='word_1_92' title='bbox 601 760 740 797; x_wconf 91' lang='lat' dir='ltr'>modum</span> <span class='ocrx_word' id='word_1_93' title='bbox 767 761 981 797; x_wconf 88' lang='lat' dir='ltr'>Platonicus</span> <span class='ocrx_word' id='word_1_94' title='bbox 1013 761 1248 807; x_wconf 81' lang='lat' dir='ltr'>geometriam</span> <span class='ocrx_word' id='word_1_95' title='bbox 1282 762 1328 797; x_wconf 92' lang='lat' dir='ltr'>ab</span> <span class='ocrx_word' id='word_1_96' title='bbox 1355 761 1418 797; x_wconf 88' lang='lat' dir='ltr'>ad-</span> 
     </span>
     <span class='ocr_line' id='line_1_13' title="bbox 187 819 1419 865; baseline 0 -9"><span class='ocrx_word' id='word_1_97' title='bbox 187 820 361 857; x_wconf 86' lang='lat' dir='ltr'>versariis</span> <span class='ocrx_word' id='word_1_98' title='bbox 386 819 714 856; x_wconf 88' lang='lat' dir='ltr'>vehementissimis</span> <span class='ocrx_word' id='word_1_99' title='bbox 740 820 927 856; x_wconf 84' lang='lat' dir='ltr'>defendit?</span> <span class='ocrx_word' id='word_1_100' title='bbox 962 820 1023 856; x_wconf 89' lang='lat' dir='ltr'>An</span> <span class='ocrx_word' id='word_1_101' title='bbox 1049 831 1119 856; x_wconf 90' lang='lat' dir='ltr'>non</span> <span class='ocrx_word' id='word_1_102' title='bbox 1146 821 1281 861; x_wconf 90' lang='lat' dir='ltr'>eodem,</span> <span class='ocrx_word' id='word_1_103' title='bbox 1316 831 1419 865; x_wconf 87' lang='lat' dir='ltr'>quem</span> 
     </span>
     <span class='ocr_line' id='line_1_14' title="bbox 188 878 1419 924; baseline 0.001 -9"><span class='ocrx_word' id='word_1_104' title='bbox 188 890 269 915; x_wconf 91' lang='lat' dir='ltr'>esse</span> <span class='ocrx_word' id='word_1_105' title='bbox 294 878 482 916; x_wconf 85' lang='lat' dir='ltr'>Posidonii</span> <span class='ocrx_word' id='word_1_106' title='bbox 509 889 619 924; x_wconf 90' lang='lat' dir='ltr'>supra</span> <span class='ocrx_word' id='word_1_107' title='bbox 644 878 915 924; x_wconf 80' lang='lat' dir='ltr'>perspeximus?</span> <span class='ocrx_word' id='word_1_108' title='bbox 947 878 1061 915; x_wconf 91' lang='lat' dir='ltr'>Immo</span> <span class='ocrx_word' id='word_1_109' title='bbox 1088 881 1203 915; x_wconf 84' lang='lat' dir='ltr'>certe!</span> <span class='ocrx_word' id='word_1_110' title='bbox 1232 879 1419 917; x_wconf 82' lang='lat' dir='ltr'>Videlicet</span> 
     </span>
     <span class='ocr_line' id='line_1_15' title="bbox 186 938 1420 985; baseline 0.001 -12"><span class='ocrx_word' id='word_1_111' title='bbox 186 941 396 985; x_wconf 86' lang='lat' dir='ltr'>geometrae</span> <span class='ocrx_word' id='word_1_112' title='bbox 429 938 712 983; x_wconf 87' lang='lat' dir='ltr'>magnitudinem</span> <span class='ocrx_word' id='word_1_113' title='bbox 745 938 1003 983; x_wconf 87' lang='lat' dir='ltr'>geometricam</span> <span class='ocrx_word' id='word_1_114' title='bbox 1037 938 1075 974; x_wconf 92' lang='lat' dir='ltr'>in</span> <span class='ocrx_word' id='word_1_115' title='bbox 1100 938 1280 975; x_wconf 89' lang='lat' dir='ltr'>infinitum</span> <span class='ocrx_word' id='word_1_116' title='bbox 1307 939 1420 976; x_wconf 83' lang='lat' dir='ltr'>dividi</span> 
     </span>
     <span class='ocr_line' id='line_1_16' title="bbox 187 996 1420 1042; baseline -0.001 -10"><span class='ocrx_word' id='word_1_117' title='bbox 187 1008 292 1042; x_wconf 88' lang='lat' dir='ltr'>posse</span> <span class='ocrx_word' id='word_1_118' title='bbox 333 997 368 1032; x_wconf 90' lang='lat' dir='ltr'>in</span> <span class='ocrx_word' id='word_1_119' title='bbox 409 996 521 1042; x_wconf 89' lang='lat' dir='ltr'>primo</span> <span class='ocrx_word' id='word_1_120' title='bbox 557 1007 628 1032; x_wconf 92' lang='lat' dir='ltr'>non</span> <span class='ocrx_word' id='word_1_121' title='bbox 662 1007 707 1032; x_wconf 84' lang='lat' dir='ltr'>ex</span> <span class='ocrx_word' id='word_1_122' title='bbox 742 997 917 1032; x_wconf 89' lang='lat' dir='ltr'>communi</span> <span class='ocrx_word' id='word_1_123' title='bbox 956 997 1122 1041; x_wconf 90' lang='lat' dir='ltr'>opinione</span> <span class='ocrx_word' id='word_1_124' title='bbox 1165 996 1266 1041; x_wconf 85' lang='grc' dir='ltr'>(κατὰ</span> <span class='ocrx_word' id='word_1_125' title='bbox 1299 997 1420 1042; x_wconf 80' lang='grc' dir='ltr'><strong><em>κοινὴν</em></strong></span> 
     </span>
     <span class='ocr_line' id='line_1_17' title="bbox 188 1055 1417 1102; baseline 0 -10"><span class='ocrx_word' id='word_1_126' title='bbox 188 1057 339 1102; x_wconf 78' lang='grc' dir='ltr'><em>ἔννοιαν)</em></span> <span class='ocrx_word' id='word_1_127' title='bbox 372 1057 534 1102; x_wconf 86' lang='lat' dir='ltr'>sumunt,</span> <span class='ocrx_word' id='word_1_128' title='bbox 570 1056 634 1092; x_wconf 90' lang='lat' dir='ltr'>sed</span> <span class='ocrx_word' id='word_1_129' title='bbox 665 1066 709 1101; x_wconf 81' lang='lat' dir='ltr'>ex</span> <span class='ocrx_word' id='word_1_130' title='bbox 739 1055 893 1101; x_wconf 90' lang='lat' dir='ltr'>propriis</span> <span class='ocrx_word' id='word_1_131' title='bbox 924 1055 1109 1101; x_wconf 88' lang='lat' dir='ltr'>principiis</span> <span class='ocrx_word' id='word_1_132' title='bbox 1141 1056 1211 1092; x_wconf 89' lang='lat' dir='ltr'>rite</span> <span class='ocrx_word' id='word_1_133' title='bbox 1245 1055 1417 1098; x_wconf 88' lang='lat' dir='ltr'>efficiunt,</span> 
     </span>
     <span class='ocr_line' id='line_1_18' title="bbox 187 1115 1417 1161; baseline 0.001 -9"><span class='ocrx_word' id='word_1_134' title='bbox 187 1116 354 1161; x_wconf 88' lang='lat' dir='ltr'>quoniam</span> <span class='ocrx_word' id='word_1_135' title='bbox 390 1126 455 1152; x_wconf 88' lang='lat' dir='ltr'>eae</span> <span class='ocrx_word' id='word_1_136' title='bbox 492 1115 765 1160; x_wconf 87' lang='lat' dir='ltr'>propositiones,</span> <span class='ocrx_word' id='word_1_137' title='bbox 801 1126 891 1160; x_wconf 88' lang='lat' dir='ltr'>quas</span> <span class='ocrx_word' id='word_1_138' title='bbox 924 1115 1039 1152; x_wconf 89' lang='lat' dir='ltr'>initiis</span> <span class='ocrx_word' id='word_1_139' title='bbox 1071 1115 1109 1151; x_wconf 90' lang='lat' dir='ltr'>in</span> <span class='ocrx_word' id='word_1_140' title='bbox 1144 1116 1417 1160; x_wconf 86' lang='lat' dir='ltr'>quaestionibus</span> 
     </span>
     <span class='ocr_line' id='line_1_19' title="bbox 188 1174 1418 1219; baseline 0 -8"><span class='ocrx_word' id='word_1_141' title='bbox 188 1175 372 1212; x_wconf 82' lang='lat' dir='ltr'>solvendis</span> <span class='ocrx_word' id='word_1_142' title='bbox 398 1174 651 1210; x_wconf 86' lang='lat' dir='ltr'>admiscendas</span> <span class='ocrx_word' id='word_1_143' title='bbox 678 1185 760 1210; x_wconf 87' lang='lat' dir='ltr'>esse</span> <span class='ocrx_word' id='word_1_144' title='bbox 786 1176 885 1210; x_wconf 90' lang='lat' dir='ltr'>Zeno</span> <span class='ocrx_word' id='word_1_145' title='bbox 913 1174 1007 1210; x_wconf 83' lang='lat' dir='ltr'>falso</span> <span class='ocrx_word' id='word_1_146' title='bbox 1035 1178 1327 1219; x_wconf 85' lang='lat' dir='ltr'>asseveraverat,</span> <span class='ocrx_word' id='word_1_147' title='bbox 1358 1176 1418 1212; x_wconf 91' lang='lat' dir='ltr'>vel</span> 
     </span>
     <span class='ocr_line' id='line_1_20' title="bbox 187 1233 1417 1280; baseline 0 -10"><span class='ocrx_word' id='word_1_148' title='bbox 187 1234 372 1280; x_wconf 88' lang='lat' dir='ltr'>principiis</span> <span class='ocrx_word' id='word_1_149' title='bbox 409 1233 654 1278; x_wconf 89' lang='lat' dir='ltr'>continentur,</span> <span class='ocrx_word' id='word_1_150' title='bbox 690 1235 730 1268; x_wconf 93' lang='lat' dir='ltr'>ut</span> <span class='ocrx_word' id='word_1_151' title='bbox 762 1244 845 1279; x_wconf 88' lang='lat' dir='ltr'>pag.</span> <span class='ocrx_word' id='word_1_152' title='bbox 875 1235 959 1275; x_wconf 83' lang='lat'>278,</span> <span class='ocrx_word' id='word_1_153' title='bbox 984 1238 1021 1267; x_wconf 82' lang='lat'>13</span> <span class='ocrx_word' id='word_1_154' title='bbox 1047 1244 1099 1279; x_wconf 88' lang='lat' dir='ltr'>ss,</span> <span class='ocrx_word' id='word_1_155' title='bbox 1132 1238 1172 1267; x_wconf 79' lang='lat'>24</span> <span class='ocrx_word' id='word_1_156' title='bbox 1198 1244 1234 1270; x_wconf 91' lang='lat' dir='ltr'>ss</span> <span class='ocrx_word' id='word_1_157' title='bbox 1261 1234 1417 1270; x_wconf 89' lang='lat' dir='ltr'>dilucide</span> 
     </span>
     <span class='ocr_line' id='line_1_21' title="bbox 188 1291 1415 1338; baseline -0.002 -9"><span class='ocrx_word' id='word_1_158' title='bbox 188 1294 412 1338; x_wconf 85' lang='lat' dir='ltr'>explanatur.</span> <span class='ocrx_word' id='word_1_159' title='bbox 470 1292 529 1328; x_wconf 89' lang='lat' dir='ltr'>Ac</span> <span class='ocrx_word' id='word_1_160' title='bbox 563 1303 608 1328; x_wconf 90' lang='lat' dir='ltr'>ne</span> <span class='ocrx_word' id='word_1_161' title='bbox 644 1292 777 1328; x_wconf 89' lang='lat' dir='ltr'>locutio</span> <span class='ocrx_word' id='word_1_162' title='bbox 817 1293 959 1336; x_wconf 90' lang='lat' dir='ltr'>quidem</span> <span class='ocrx_word' id='word_1_163' title='bbox 993 1291 1079 1327; x_wconf 85' lang='grc' dir='ltr'><em>κατὰ</em></span> <span class='ocrx_word' id='word_1_164' title='bbox 1113 1292 1233 1337; x_wconf 79' lang='grc' dir='ltr'><strong><em>κοινὴν</em></strong></span> <span class='ocrx_word' id='word_1_165' title='bbox 1267 1293 1415 1335; x_wconf 74' lang='grc' dir='ltr'><em>ἔννοιαν,</em></span> 
     </span>
     <span class='ocr_line' id='line_1_22' title="bbox 188 1350 1416 1399; baseline 0 -10"><span class='ocrx_word' id='word_1_166' title='bbox 188 1353 287 1389; x_wconf 82' lang='grc'><strong>6111115</strong></span> <span class='ocrx_word' id='word_1_167' title='bbox 313 1352 391 1389; x_wconf 90' lang='grc'><strong>1060</strong></span> <span class='ocrx_word' id='word_1_168' title='bbox 412 1351 587 1389; x_wconf 86' lang='lat' dir='ltr'>Geminus</span> <span class='ocrx_word' id='word_1_169' title='bbox 611 1362 736 1388; x_wconf 90' lang='lat' dir='ltr'>vocem</span> <span class='ocrx_word' id='word_1_170' title='bbox 763 1350 896 1394; x_wconf 79' lang='grc' dir='ltr'><em>ἀξίωμα</em></span> <span class='ocrx_word' id='word_1_171' title='bbox 919 1362 1001 1398; x_wconf 87' lang='lat' dir='ltr'>pag.</span> <span class='ocrx_word' id='word_1_172' title='bbox 1025 1355 1136 1397; x_wconf 84' lang='lat'>178,9</span> <span class='ocrx_word' id='word_1_173' title='bbox 1155 1363 1191 1389; x_wconf 90' lang='grc'>55</span> <span class='ocrx_word' id='word_1_174' title='bbox 1217 1353 1416 1399; x_wconf 85' lang='lat' dir='ltr'>usurpavit,</span> 
     </span>
     <span class='ocr_line' id='line_1_23' title="bbox 186 1412 1417 1458; baseline 0.001 -10"><span class='ocrx_word' id='word_1_175' title='bbox 186 1413 412 1458; x_wconf 86' lang='lat' dir='ltr'>neglegenda</span> <span class='ocrx_word' id='word_1_176' title='bbox 453 1414 523 1454; x_wconf 86' lang='lat' dir='ltr'>est,</span> <span class='ocrx_word' id='word_1_177' title='bbox 567 1414 693 1456; x_wconf 89' lang='lat' dir='ltr'>utpote</span> <span class='ocrx_word' id='word_1_178' title='bbox 733 1422 823 1455; x_wconf 87' lang='lat' dir='ltr'>quae</span> <span class='ocrx_word' id='word_1_179' title='bbox 867 1422 911 1448; x_wconf 89' lang='lat' dir='ltr'>ex</span> <span class='ocrx_word' id='word_1_180' title='bbox 953 1413 1144 1449; x_wconf 90' lang='lat' dir='ltr'>verborum</span> <span class='ocrx_word' id='word_1_181' title='bbox 1187 1412 1417 1457; x_wconf 85' lang='lat' dir='ltr'>supellectile</span> 
     </span>
     <span class='ocr_line' id='line_1_24' title="bbox 187 1470 753 1517; baseline -0.005 -9"><span class='ocrx_word' id='word_1_182' title='bbox 187 1472 313 1508; x_wconf 90' lang='lat' dir='ltr'>stoicis</span> <span class='ocrx_word' id='word_1_183' title='bbox 339 1471 484 1517; x_wconf 86' lang='lat' dir='ltr'>propria</span> <span class='ocrx_word' id='word_1_184' title='bbox 511 1470 670 1516; x_wconf 86' lang='lat' dir='ltr'>repetita</span> <span class='ocrx_word' id='word_1_185' title='bbox 697 1470 753 1506; x_wconf 90' lang='lat' dir='ltr'>sit.</span> 
     </span>
    </p>

    <p class='ocr_par' dir='ltr' id='par_1_4' title="bbox 186 1529 1416 1755">
     <span class='ocr_line' id='line_1_25' title="bbox 286 1529 1414 1577; baseline 0 -11"><span class='ocrx_word' id='word_1_186' title='bbox 286 1530 388 1577; x_wconf 91' lang='lat' dir='ltr'>Quae</span> <span class='ocrx_word' id='word_1_187' title='bbox 416 1541 495 1566; x_wconf 90' lang='lat' dir='ltr'>cum</span> <span class='ocrx_word' id='word_1_188' title='bbox 521 1530 575 1565; x_wconf 89' lang='lat' dir='ltr'>ita</span> <span class='ocrx_word' id='word_1_189' title='bbox 601 1530 685 1575; x_wconf 88' lang='lat' dir='ltr'>sint,</span> <span class='ocrx_word' id='word_1_190' title='bbox 713 1540 806 1565; x_wconf 89' lang='lat' dir='ltr'>nunc</span> <span class='ocrx_word' id='word_1_191' title='bbox 834 1529 975 1574; x_wconf 90' lang='lat' dir='ltr'>quidem</span> <span class='ocrx_word' id='word_1_192' title='bbox 1001 1541 1065 1575; x_wconf 91' lang='lat' dir='ltr'>pro</span> <span class='ocrx_word' id='word_1_193' title='bbox 1093 1531 1279 1575; x_wconf 83' lang='lat' dir='ltr'>explorato</span> <span class='ocrx_word' id='word_1_194' title='bbox 1307 1531 1414 1567; x_wconf 89' lang='lat' dir='ltr'>habe-</span> 
     </span>
     <span class='ocr_line' id='line_1_26' title="bbox 186 1588 1415 1636; baseline -0.002 -9"><span class='ocrx_word' id='word_1_195' title='bbox 186 1602 265 1628; x_wconf 90' lang='lat' dir='ltr'>mus</span> <span class='ocrx_word' id='word_1_196' title='bbox 291 1590 420 1632; x_wconf 87' lang='lat' dir='ltr'>omnia,</span> <span class='ocrx_word' id='word_1_197' title='bbox 454 1600 545 1634; x_wconf 86' lang='lat' dir='ltr'>quae</span> <span class='ocrx_word' id='word_1_198' title='bbox 571 1589 723 1626; x_wconf 81' lang='lat' dir='ltr'>Procius</span> <span class='ocrx_word' id='word_1_199' title='bbox 750 1600 855 1636; x_wconf 87' lang='lat' dir='ltr'>pagg.</span> <span class='ocrx_word' id='word_1_200' title='bbox 884 1592 964 1635; x_wconf 83' lang='lat'>277,</span> <span class='ocrx_word' id='word_1_201' title='bbox 985 1588 1203 1635; x_wconf 76' lang='lat'>25—279,11</span> <span class='ocrx_word' id='word_1_202' title='bbox 1231 1590 1275 1625; x_wconf 90' lang='lat' dir='ltr'>de</span> <span class='ocrx_word' id='word_1_203' title='bbox 1301 1590 1415 1635; x_wconf 88' lang='lat' dir='ltr'>philo·</span> 
     </span>
     <span class='ocr_line' id='line_1_27' title="bbox 188 1649 1416 1698; baseline -0.002 -10"><span class='ocrx_word' id='word_1_204' title='bbox 188 1653 378 1698; x_wconf 89' lang='lat' dir='ltr'>sophorum</span> <span class='ocrx_word' id='word_1_205' title='bbox 413 1650 634 1687; x_wconf 85' lang='lat' dir='ltr'>dissensione</span> <span class='ocrx_word' id='word_1_206' title='bbox 669 1650 830 1695; x_wconf 87' lang='lat' dir='ltr'>disserit,</span> <span class='ocrx_word' id='word_1_207' title='bbox 871 1660 893 1685; x_wconf 91' lang='lat' dir='ltr'>a</span> <span class='ocrx_word' id='word_1_208' title='bbox 932 1649 1118 1686; x_wconf 85' lang='lat' dir='ltr'>Posidonii</span> <span class='ocrx_word' id='word_1_209' title='bbox 1156 1649 1247 1686; x_wconf 91' lang='lat' dir='ltr'>libro</span> <span class='ocrx_word' id='word_1_210' title='bbox 1288 1654 1416 1686; x_wconf 85' lang='lat' dir='ltr'>contra</span> 
     </span>
     <span class='ocr_line' id='line_1_28' title="bbox 188 1709 959 1755; baseline -0.004 -8"><span class='ocrx_word' id='word_1_211' title='bbox 188 1713 371 1747; x_wconf 90' lang='lat' dir='ltr'>Zenonem</span> <span class='ocrx_word' id='word_1_212' title='bbox 397 1709 593 1755; x_wconf 89' lang='lat' dir='ltr'>composito</span> <span class='ocrx_word' id='word_1_213' title='bbox 620 1709 793 1755; x_wconf 90' lang='lat' dir='ltr'>originem</span> <span class='ocrx_word' id='word_1_214' title='bbox 819 1709 959 1745; x_wconf 89' lang='lat' dir='ltr'>ducere.</span> 
     </span>
    </p>

    <p class='ocr_par' dir='ltr' id='par_1_5' title="bbox 183 1768 1416 2294">
     <span class='ocr_line' id='line_1_29' title="bbox 282 1768 1414 1815; baseline -0.002 -9"><span class='ocrx_word' id='word_1_215' title='bbox 282 1769 399 1814; x_wconf 86' lang='lat' dir='ltr'>Atqui</span> <span class='ocrx_word' id='word_1_216' title='bbox 435 1769 705 1805; x_wconf 88' lang='lat' dir='ltr'>Elementorum</span> <span class='ocrx_word' id='word_1_217' title='bbox 744 1768 924 1813; x_wconf 88' lang='lat' dir='ltr'>interpres</span> <span class='ocrx_word' id='word_1_218' title='bbox 965 1768 1107 1804; x_wconf 88' lang='lat' dir='ltr'>nomine</span> <span class='ocrx_word' id='word_1_219' title='bbox 1146 1768 1295 1804; x_wconf 88' lang='lat' dir='ltr'>laudato</span> <span class='ocrx_word' id='word_1_220' title='bbox 1329 1779 1414 1815; x_wconf 88' lang='lat' dir='ltr'>pag.</span> 
     </span>
     <span class='ocr_line' id='line_1_30' title="bbox 185 1827 1416 1875; baseline -0.002 -10"><span class='ocrx_word' id='word_1_221' title='bbox 185 1833 268 1875; x_wconf 84' lang='lat'>278,</span> <span class='ocrx_word' id='word_1_222' title='bbox 284 1834 319 1862; x_wconf 82' lang='lat'>12</span> <span class='ocrx_word' id='word_1_223' title='bbox 351 1829 544 1865; x_wconf 87' lang='lat' dir='ltr'>confitetur</span> <span class='ocrx_word' id='word_1_224' title='bbox 575 1839 613 1865; x_wconf 89' lang='lat' dir='ltr'>se</span> <span class='ocrx_word' id='word_1_225' title='bbox 640 1827 729 1864; x_wconf 89' lang='lat' dir='ltr'>nihil</span> <span class='ocrx_word' id='word_1_226' title='bbox 756 1827 854 1863; x_wconf 88' lang='lat' dir='ltr'>aliud</span> <span class='ocrx_word' id='word_1_227' title='bbox 884 1827 1046 1872; x_wconf 88' lang='lat' dir='ltr'>proferre</span> <span class='ocrx_word' id='word_1_228' title='bbox 1072 1827 1143 1864; x_wconf 89' lang='lat' dir='ltr'>nisi</span> <span class='ocrx_word' id='word_1_229' title='bbox 1169 1827 1216 1873; x_wconf 89' lang='lat' dir='ltr'>id,</span> <span class='ocrx_word' id='word_1_230' title='bbox 1252 1828 1344 1872; x_wconf 91' lang='lat' dir='ltr'>quod</span> <span class='ocrx_word' id='word_1_231' title='bbox 1370 1838 1416 1863; x_wconf 84' lang='lat' dir='ltr'>ex</span> 
     </span>
     <span class='ocr_line' id='line_1_31' title="bbox 185 1886 1416 1932; baseline -0.002 -7"><span class='ocrx_word' id='word_1_232' title='bbox 185 1888 330 1926; x_wconf 85' lang='lat' dir='ltr'>Gemini</span> <span class='ocrx_word' id='word_1_233' title='bbox 355 1887 446 1923; x_wconf 89' lang='lat' dir='ltr'>libro</span> <span class='ocrx_word' id='word_1_234' title='bbox 474 1887 705 1932; x_wconf 87' lang='lat' dir='ltr'>excerpserit.</span> <span class='ocrx_word' id='word_1_235' title='bbox 758 1887 937 1932; x_wconf 76' lang='lat' dir='ltr'>Quocirca</span> <span class='ocrx_word' id='word_1_236' title='bbox 964 1886 1140 1923; x_wconf 87' lang='lat' dir='ltr'>Geminus</span> <span class='ocrx_word' id='word_1_237' title='bbox 1166 1888 1198 1922; x_wconf 90' lang='lat' dir='ltr'>is</span> <span class='ocrx_word' id='word_1_238' title='bbox 1226 1890 1322 1932; x_wconf 84' lang='lat' dir='ltr'>erat,</span> <span class='ocrx_word' id='word_1_239' title='bbox 1356 1888 1416 1932; x_wconf 89' lang='lat' dir='ltr'>qui</span> 
     </span>
     <span class='ocr_line' id='line_1_32' title="bbox 183 1946 1415 1992; baseline -0.002 -9"><span class='ocrx_word' id='word_1_240' title='bbox 183 1947 312 1984; x_wconf 90' lang='lat' dir='ltr'>Proclo</span> <span class='ocrx_word' id='word_1_241' title='bbox 345 1947 522 1991; x_wconf 87' lang='lat' dir='ltr'>traderet,</span> <span class='ocrx_word' id='word_1_242' title='bbox 559 1950 597 1982; x_wconf 89' lang='lat' dir='ltr'>et</span> <span class='ocrx_word' id='word_1_243' title='bbox 629 1946 713 1990; x_wconf 91' lang='lat' dir='ltr'>quid</span> <span class='ocrx_word' id='word_1_244' title='bbox 743 1946 943 1991; x_wconf 88' lang='lat' dir='ltr'>Epicureus</span> <span class='ocrx_word' id='word_1_245' title='bbox 975 1946 1012 1981; x_wconf 91' lang='lat' dir='ltr'>in</span> <span class='ocrx_word' id='word_1_246' title='bbox 1043 1946 1242 1992; x_wconf 88' lang='lat' dir='ltr'>geometria</span> <span class='ocrx_word' id='word_1_247' title='bbox 1272 1946 1415 1992; x_wconf 90' lang='lat' dir='ltr'>vitupe-</span> 
     </span>
     <span class='ocr_line' id='line_1_33' title="bbox 184 2005 1415 2050; baseline -0.002 -7"><span class='ocrx_word' id='word_1_248' title='bbox 184 2006 358 2046; x_wconf 86' lang='lat' dir='ltr'>ravisset,</span> <span class='ocrx_word' id='word_1_249' title='bbox 402 2008 440 2041; x_wconf 91' lang='lat' dir='ltr'>et</span> <span class='ocrx_word' id='word_1_250' title='bbox 475 2006 559 2049; x_wconf 91' lang='lat' dir='ltr'>quid</span> <span class='ocrx_word' id='word_1_251' title='bbox 593 2005 814 2050; x_wconf 86' lang='lat' dir='ltr'>Apamensis</span> <span class='ocrx_word' id='word_1_252' title='bbox 850 2006 1023 2042; x_wconf 87' lang='lat' dir='ltr'>adversus</span> <span class='ocrx_word' id='word_1_253' title='bbox 1058 2005 1164 2041; x_wconf 89' lang='lat' dir='ltr'>huius</span> <span class='ocrx_word' id='word_1_254' title='bbox 1201 2005 1415 2050; x_wconf 86' lang='lat' dir='ltr'>disciplinae</span> 
     </span>
     <span class='ocr_line' id='line_1_34' title="bbox 185 2063 1415 2110; baseline -0.003 -7"><span class='ocrx_word' id='word_1_255' title='bbox 185 2066 453 2103; x_wconf 87' lang='lat' dir='ltr'>obtrectatores</span> <span class='ocrx_word' id='word_1_256' title='bbox 479 2064 516 2100; x_wconf 89' lang='lat' dir='ltr'>in</span> <span class='ocrx_word' id='word_1_257' title='bbox 543 2064 758 2100; x_wconf 86' lang='lat' dir='ltr'>contrariam</span> <span class='ocrx_word' id='word_1_258' title='bbox 786 2063 1060 2108; x_wconf 82' lang='lat' dir='ltr'>disputavisset.</span> <span class='ocrx_word' id='word_1_259' title='bbox 1113 2063 1249 2110; x_wconf 80' lang='lat' dir='ltr'>Quodsi</span> <span class='ocrx_word' id='word_1_260' title='bbox 1275 2067 1415 2100; x_wconf 86' lang='lat' dir='ltr'>rectum</span> 
     </span>
     <span class='ocr_line' id='line_1_35' title="bbox 186 2124 1414 2174; baseline -0.002 -11"><span class='ocrx_word' id='word_1_261' title='bbox 186 2129 264 2174; x_wconf 88' lang='lat' dir='ltr'>est,</span> <span class='ocrx_word' id='word_1_262' title='bbox 295 2127 487 2172; x_wconf 85' lang='lat' dir='ltr'>praeterea</span> <span class='ocrx_word' id='word_1_263' title='bbox 518 2124 725 2162; x_wconf 85' lang='lat' dir='ltr'>necessario</span> <span class='ocrx_word' id='word_1_264' title='bbox 758 2124 1000 2171; x_wconf 87' lang='lat' dir='ltr'>consequitur,</span> <span class='ocrx_word' id='word_1_265' title='bbox 1034 2127 1074 2161; x_wconf 89' lang='lat' dir='ltr'>ut</span> <span class='ocrx_word' id='word_1_266' title='bbox 1105 2124 1345 2170; x_wconf 87' lang='lat' dir='ltr'>scepticorum</span> <span class='ocrx_word' id='word_1_267' title='bbox 1376 2127 1414 2161; x_wconf 91' lang='lat' dir='ltr'>et</span> 
     </span>
     <span class='ocr_line' id='line_1_36' title="bbox 183 2186 1411 2231; baseline -0.002 -9"><span class='ocrx_word' id='word_1_268' title='bbox 183 2186 440 2231; x_wconf 86' lang='lat' dir='ltr'>Epicureorum</span> <span class='ocrx_word' id='word_1_269' title='bbox 471 2187 680 2230; x_wconf 82' lang='lat' dir='ltr'>praecepta,</span> <span class='ocrx_word' id='word_1_270' title='bbox 715 2195 805 2229; x_wconf 85' lang='lat' dir='ltr'>quae</span> <span class='ocrx_word' id='word_1_271' title='bbox 836 2194 918 2229; x_wconf 85' lang='lat' dir='ltr'>pag.</span> <span class='ocrx_word' id='word_1_272' title='bbox 949 2187 1136 2225; x_wconf 83' lang='lat'>199‚3—14</span> <span class='ocrx_word' id='word_1_273' title='bbox 1161 2188 1411 2226; x_wconf 84' lang='lat' dir='ltr'>recensentur,</span> 
     </span>
     <span class='ocr_line' id='line_1_37' title="bbox 184 2243 1072 2294; baseline -0.002 -12"><span class='ocrx_word' id='word_1_274' title='bbox 184 2256 249 2294; x_wconf 88' lang='lat' dir='ltr'>per</span> <span class='ocrx_word' id='word_1_275' title='bbox 277 2245 427 2282; x_wconf 89' lang='lat' dir='ltr'>eundem</span> <span class='ocrx_word' id='word_1_276' title='bbox 455 2246 638 2281; x_wconf 90' lang='lat' dir='ltr'>auctorem</span> <span class='ocrx_word' id='word_1_277' title='bbox 663 2244 792 2280; x_wconf 88' lang='lat' dir='ltr'>Proclo</span> <span class='ocrx_word' id='word_1_278' title='bbox 817 2243 963 2291; x_wconf 88' lang='lat' dir='ltr'>prodita</span> <span class='ocrx_word' id='word_1_279' title='bbox 989 2243 1072 2281; x_wconf 90' lang='lat' dir='ltr'>sint.</span> 
     </span>
    </p>
   </div>
  </div>
 </body>
</html>
