1721 2633
725 166 967 198 -10-

232 263 515 297 consentaneum
542 260 602 298 sit.
656 261 760 308 Quae
794 261 1034 308 congruentia
1060 272 1128 306 quo
1159 261 1302 298 facilius
1327 262 1465 307 perspi-

230 319 357 359 ciatur,
386 320 452 355 hos
478 320 577 355 locos
605 330 800 364 apponam:

311 398 433 435 Procl.
460 409 543 444 pag.
572 401 657 444 57‚9
681 408 728 434 ss.

229 459 376 502 περὶτῆς
394 457 617 501 ἐπιστήμης
637 457 742 501 αὐτῆς
759 459 817 501 τῆς

229 517 368 552 τούτων
411 520 695 561 θεωρητικῆς
731 515 817 558 μετὰ

229 581 339 611 ταῦτα
367 578 531 619 λέγωμεν.
559 576 728 619 γνωστικὴ
754 578 816 617 μὲν

229 634 294 669 οὖν
320 636 390 670 ἐστι

228 696 417 737 μεγεθῶν
442 697 496 728 καὶ
523 693 744 738 σχημάτων
762 696 817 728 καὶ

229 757 302 787 τῶν
329 754 365 787 ἐν
391 752 528 793 τούτοις
552 752 759 796 περάτων,

228 861 276 895 ἔτι
288 863 323 895 δὲ
333 865 406 895 τῶν
416 861 554 904 λόγων
568 862 642 895 τῶν
651 861 687 895 ἐν
697 859 817 901 αὐτοῖς

229 920 248 963 ἡ
274 924 462 964 γεωμετρία
488 924 543 954 καὶ
570 925 641 954 τῶν
671 934 696 954 π
703 933 723 954 α
730 922 790 954 θῶ
797 933 817 954 ν

230 981 301 1013 τῶν
326 982 402 1022 περὶ
429 978 518 1013 αὐτὰ
549 982 605 1013 καὶ
637 981 708 1013 τῶν
732 992 817 1013 παν-

229 1042 336 1072 τοίων
355 1039 514 1072 θέσεων
531 1041 586 1072 καὶ
604 1038 814 1081 κινήσεων.

909 398 999 436 Var.
1019 397 1099 435 coll.
1117 408 1200 444 pag.
1220 385 1302 445 246,
1316 402 1351 432 17
1377 408 1425 435 ss.

877 460 1066 502 γεωμετρία
1124 457 1215 491 ἐστὶν
1270 457 1466 503 ἐπιστήμη

879 515 1123 562 (θεωρητικὴ
1160 516 1239 552 add.
1271 517 1382 554 schol.
1419 518 1467 554 ad

876 577 975 613 Plat.
997 576 1226 613 Charmidem
1248 587 1333 623 pag.
1355 581 1422 613 921
1442 579 1465 614 b

879 641 898 669 5
926 634 1071 681 Baiter)

877 697 1066 736 μεγεθῶν
1083 696 1138 727 καὶ
1163 693 1387 737 σχημάτων
1412 697 1467 729 καὶ

878 757 950 787 τῶν
976 754 1311 796 περιοριζουσῶν
1328 755 1384 787 καὶ
1400 766 1473 793 πε-,

879 824 898 854 ρ
906 823 927 845 α
933 824 953 844 τ
960 823 979 844 ο
986 823 1007 844 υ
1014 819 1035 844 σ
1040 812 1070 844 (ὅ
1076 823 1097 844 ν
1127 813 1237 845 ταῦτα
1263 812 1468 854 ἐπιφανειῶν

876 873 931 904 καὶ
965 871 1134 914 γραμμῶν
1175 892 1216 895 ——
1253 874 1325 905 τῶν
1362 884 1398 905 τε
1431 871 1469 905 ἐν

878 929 1014 971 τούτοις
1046 933 1193 964 παθῶν
1227 932 1284 964 καὶ
1320 931 1468 973 σχέσεων

877 991 933 1022 καὶ
992 988 1170 1031 ἐνεργειῶν
1225 989 1269 1028 ἐν,
1317 996 1469 1033 μορφαῖς

877 1050 932 1080 καὶ
958 1046 1157 1089 κινήσεων
1181 1046 1367 1090 ποιότησιν.
1394 1048 1467 1081 πά-

878 1110 929 1148 θη
964 1107 1028 1145 μὲν
1062 1104 1127 1140 οὖν
1157 1107 1286 1149 λέγεται
1322 1104 1363 1139 τὰ
1393 1109 1468 1150 περὶ

878 1163 937 1204 τὰς
950 1165 1131 1207 διαιρέσεις,
1148 1166 1275 1207 σχέσεις
1289 1166 1326 1198 δὲ
1344 1166 1376 1198 οἱ
1394 1166 1468 1198 τῶν

877 1227 1036 1266 μεγεθῶν
1066 1222 1155 1268 πρὸς
1186 1221 1316 1267 ἄλληλα
1350 1222 1468 1267 λόγοι

876 1285 933 1316 καὶ
958 1283 1099 1323 θέσεις.

327 1363 355 1398 J
358 1373 416 1398 am
443 1364 480 1398 et
508 1364 646 1398 certum
674 1363 940 1408 argumentum,
973 1361 1066 1405 quod
1092 1360 1312 1397 Huitschius
1339 1360 1468 1397 diutis-

230 1422 318 1458 sime
337 1421 573 1466 desideravit,
597 1421 764 1457 attulisse
792 1420 880 1456 mihi
906 1420 1032 1457 videor
1050 1423 1088 1456 et
1106 1420 1328 1456 luculentum
1347 1419 1468 1457 defini-

228 1480 340 1517 tionis
372 1480 573 1525 exemplum
605 1480 707 1516 nacti
741 1491 880 1526 sumus,
918 1479 1019 1515 cuius
1051 1479 1098 1514 ad
1128 1489 1290 1515 normam
1323 1482 1467 1516 ceteras

229 1539 466 1586 exigamus.*)

327 1599 474 1636 Sublati
513 1601 636 1635 autem
676 1602 762 1635 sunt
802 1597 975 1643 scrupuli,
1017 1597 1146 1642 quibus
1183 1598 1355 1644 Tannery
1388 1598 1411 1634 1.
1446 1598 1467 1634 l.

227 1670 311 1705 pag.
347 1662 393 1693 44
412 1670 429 1695 s
463 1669 502 1694 se
541 1658 620 1704 ipse
658 1658 824 1699 vexavit,
864 1668 943 1693 cum
984 1657 1123 1694 diceret
1161 1657 1299 1693 similes
1336 1657 1468 1702 quibus

229 1718 394 1764 singulae
422 1717 635 1763 disciplinae
654 1717 909 1754 describantur
927 1717 1099 1753 formulas
1125 1717 1162 1753 in
1180 1713 1345 1753 Euclidis
1372 1727 1466 1753 com-

228 1777 406 1813 mentario
432 1788 504 1813 11011
535 1777 701 1813 inveniri.
753 1777 812 1812 En
843 1775 1142 1821 deprehendimus
1176 1776 1271 1821 apud
1297 1776 1466 1812 Proclum

229 1835 474 1871 definitionem
507 1836 553 1871 ab
586 1835 682 1871 omni
712 1838 822 1880 parte
848 1834 1062 1880 absolutam,
1095 1844 1203 1879 quam
1230 1845 1250 1870 e
1275 1834 1366 1870 libro
1395 1834 1466 1871 Ge-

228 1895 386 1931 miniano
414 1897 626 1940 excerptam
645 1905 724 1931 esse
751 1905 847 1931 nunc
872 1894 1001 1940 negari
1018 1905 1090 1930 non
1115 1896 1250 1939 potest,
1278 1893 1350 1931 nisi
1374 1894 1467 1939 quod

228 1955 442 1990 Platonicus
482 1964 585 1990 suam
624 1954 804 1990 rationem
843 1956 988 1990 secutus
1024 1964 1068 1989 ea
1111 1963 1204 1997 quae
1239 1954 1333 1998 apud
1367 1954 1466 1989 illum

228 2014 391 2059 repperit
415 2014 550 2059 partim
577 2013 802 2059 explanavit,
828 2013 964 2058 partim
991 2012 1209 2050 decurtavit.

328 2149 355 2189 ²¹¹)
376 2151 514 2188 Apparet
541 2150 634 2181 verba
662 2150 802 2186 κινήσεων
829 2150 975 2186 ποιότησι,
1008 2149 1089 2188 (pag.
1112 2149 1242 2187 246,2o)‚
1270 2157 1347 2186 quae
1374 2149 1467 2180 simili

227 2201 330 2231 Procli
361 2201 426 2230 1000
464 2201 528 2228 τῶν
557 2203 713 2229 παντοίων
744 2201 884 2236 κινήσεων
915 2201 996 2238 (pag.
1029 2199 1125 2238 57,13)
1161 2199 1381 2237 defenduntur,
1417 2200 1467 2230 vel

229 2259 334 2280 vocem
355 2252 556 2289 συγκρίνουσιν
576 2251 659 2289 (pag.
675 2251 777 2286 246‚2³
791 2250 863 2289 Hu),
886 2257 964 2287 qnae
985 2249 1091 2279 eodem
1112 2257 1195 2279 nexu
1216 2257 1252 2278 ac
1273 2257 1364 2279 sensu
1386 2249 1466 2287 apud

230 2300 423 2330 Platonicum
437 2308 507 2338 pag.
523 2301 571 2338 39,
580 2306 609 2327 14
628 2299 756 2338 legitur,
770 2299 883 2330 iniuria
897 2298 935 2329 ab
950 2298 1003 2329 illo
1022 2299 1089 2329 viro
1105 2297 1279 2329 doctissimo
1293 2298 1325 2329 in
1340 2298 1465 2336 suspici-

230 2357 318 2381 onem
338 2352 450 2381 vocata
469 2357 546 2380 ense.
