1721 2633
708 128 950 162 ..11-

315 224 429 260 Porro
455 233 500 260 ex
524 224 592 260 hoc
618 224 778 270 exemplo
801 224 1031 270 cognoscitur
1057 224 1148 260 alios
1166 234 1304 269 quoque
1322 224 1444 260 Procli

215 285 324 329 locos,
342 283 472 328 quibus
486 283 644 320 auctoris
663 294 793 320 nomen
811 283 958 330 celatur,
976 284 1074 321 iusto
1091 283 1167 320 iure
1187 284 1234 319 ad
1253 283 1443 321 Geminum

216 342 383 388 relegari.
433 342 564 386 Itaque
591 341 702 377 etiam
730 344 865 383 cetera,
894 353 984 386 quae
1010 353 1081 378 uno
1107 345 1232 377 tenore
1259 353 1370 386 usque
1397 343 1444 378 ad

218 412 303 448 pag.
341 403 398 448 61,
412 407 449 435 24
482 402 525 437 de
559 400 761 447 geometria
798 403 908 446 atque
947 401 1180 438 arithmetica
1218 401 1444 438 disseruntur

214 472 330 507 neque
363 472 385 498 a
416 461 595 507 prioribus
626 461 792 506 separari
820 464 981 507 possunt,
1009 462 1125 498 eidem
1152 461 1294 497 auctori
1320 461 1443 498 deberi

217 520 341 558 muitis
367 520 411 557 de
438 520 557 557 causis
583 520 698 557 conici
714 522 851 568 potest;
876 521 978 558 velut
1002 532 1087 568 pag.
1116 524 1223 566 58,10
1249 531 1295 557 ss.
1321 520 1443 557 defini-

214 581 313 617 tione
343 581 441 617 haud
472 581 641 627 neglecta
673 580 800 618 variae
832 581 971 626 species
1003 584 1041 618 et
1074 581 1271 618 formarum
1304 580 1442 627 magni-

213 640 445 684 tudinumque
478 642 517 675 et
542 639 807 684 proprietatum
843 639 900 687 (τὰ
924 641 1003 675 καθ’
1030 639 1119 675 αὐτὰ
1153 639 1370 684 ὑπάρχοντα)
1405 644 1443 676 et

213 699 433 745 passionum,
466 700 508 734 ut
537 699 604 734 hoc
634 699 809 736 vocabulo
837 699 1018 737 Graecum
1052 699 1147 743 πάθη
1182 703 1276 745 (pag.
1314 698 1441 744 57,12)

211 761 371 803 vertam,
404 761 677 803 enumerantur,
704 758 833 794 deinde
859 759 958 795 nulla
984 769 1065 795 esse
1090 758 1313 805 geometriae
1338 759 1443 803 prob-

212 818 349 853 lemata
360 816 429 852 nisi
439 826 532 860 quae
543 826 588 851 ex
597 816 750 861 propriis
759 817 948 862 principiis
959 817 1175 862 efficiantur,
1189 828 1269 862 pag.
1283 821 1338 862 58,
1353 822 1388 850 19
1398 828 1444 852 ss.

217 876 431 922 ostenditur,
458 886 607 920 quocum
633 876 712 912 loco
739 876 904 913 conferas
929 878 1042 914 verba
1066 876 1086 920 ἡ
1118 879 1304 920 γεωμετρία
1335 876 1383 910 ἀεὶ
1409 876 1445 918 ἐξ

213 935 417 970 ὑποθέσεων
435 934 576 980 ὁρμῶσα
601 937 696 981 (pag.
725 936 859 982 57,19).
899 936 989 972 Tum
1015 939 1053 972 et
1070 936 1271 981 exemplum
1288 936 1444 981 paralle-

213 996 330 1032 larum
367 997 656 1041 asymptotarum
699 1006 782 1042 pag.
820 998 906 1041 59,1
947 995 1112 1042 affertur,
1153 995 1246 1040 quod
1291 995 1444 1032 Gemino

214 1055 422 1090 adamatum
454 1054 567 1090 fuisse
602 1065 711 1099 pagg.
743 1058 848 1100 40,15
879 1057 917 1090 et
952 1059 1080 1100 176,18
1106 1066 1142 1091 ss
1178 1055 1444 1099 comprobatur,

212 1116 250 1149 et
289 1123 355 1149 eae
391 1113 429 1149 in
462 1112 590 1158 quibus
629 1113 875 1159 intelligibilia
908 1116 1117 1150 tractantur
1151 1113 1365 1159 disciplinae
1399 1113 1445 1149 ab

213 1172 266 1208 eis
300 1172 429 1216 quibus
468 1172 658 1208 sensibilia
688 1174 851 1218 subsunt,
880 1184 961 1218 pag.
990 1176 1045 1215 59,
1059 1178 1097 1206 14
1123 1183 1140 1209 s
1172 1172 1307 1208 eisdem
1332 1172 1447 1208 ferme

212 1230 333 1269 verbis
376 1241 420 1267 ac
461 1241 544 1277 pag.
587 1234 643 1273 38,
657 1235 675 1264 5
714 1233 752 1268 et
775 1237 793 1265 9
836 1231 1104 1278 discernuntur,
1144 1231 1229 1276 quia
1266 1230 1447 1268 vocabula

208 1290 507 1335 πραγματεύεσθαι
541 1294 621 1334 περί
653 1304 686 1324 τι
721 1293 759 1326 et
788 1291 997 1333 ἐφάπτεσθαί
1027 1304 1120 1331 τινος
1152 1301 1197 1326 ex
1228 1290 1446 1327 Geminiano

214 1349 390 1386 sermonis
401 1359 468 1386 usu
476 1349 596 1395 petita
606 1351 690 1386 sunt
704 1350 748 1386 cf.
761 1360 793 1395 p.
805 1353 861 1394 40,
877 1355 927 1395 1⁷3
944 1353 1000 1395 41,
1014 1355 1060 1395 10,
1074 1354 1125 1394 18;
1144 1353 1199 1395 58,
1211 1355 1249 1392 43
1263 1349 1445 1396 Isagog.*)

210 1420 291 1455 pag.
324 1412 381 1444 31.
423 1409 486 1445 Ur.
523 1409 626 1453 Pet.;
654 1408 852 1456 Simplic.*)
884 1409 934 1445 1.1.
952 1420 1035 1455 pag.
1066 1411 1175 1454 292,1
1194 1408 1311 1445 Diels.
1339 1408 1445 1445 Prin-

212 1468 309 1513 cipia
319 1470 444 1504 autem
453 1467 708 1505 arithmeticae
719 1478 800 1505 esse
811 1468 1009 1513 monadem,
1024 1469 1249 1514 geometriae
1258 1471 1444 1513 punctum,

212 1528 257 1564 de
288 1526 417 1572 quibus
448 1527 557 1572 paulo
590 1537 699 1572 supra
729 1527 844 1563 verba
874 1527 962 1573 feci,
995 1527 1128 1563 iterum
1158 1538 1241 1573 pag.
1271 1531 1378 1570 59,16
1410 1537 1446 1563 ss

216 1586 430 1623 affirmatur.
467 1585 613 1622 Deinde
630 1586 867 1632 geometriam
893 1596 970 1622 cum
997 1588 1078 1622 arte
1106 1586 1230 1630 optica
1256 1588 1336 1622 arto
1364 1596 1446 1631 cog-

213 1645 374 1682 nationis
397 1645 540 1682 vinculo
564 1645 794 1682 coniunctam
824 1655 904 1682 esse
930 1647 968 1682 et
985 1656 1068 1691 pag.
1097 1647 1183 1691 40,9
1211 1656 1228 1681 s
1255 1655 1300 1681 ex
1325 1645 1447 1682 verbis

214 1704 339 1749 ὀπτικὴ
366 1705 436 1751 (καὶ
453 1703 632 1752 κανονικὴ)
650 1708 855 1749 γεωμετρίας
880 1707 937 1739 εἰσὶ
964 1707 1032 1748 (καὶ
1050 1703 1285 1749 ἀριθμητικῆς)
1312 1704 1448 1747 ἔκγονοι

211 1767 250 1801 et
285 1775 369 1810 pag.
410 1767 465 1810 59,
478 1769 515 1797 23
552 1767 738 1808 γεωμετρία
769 1764 981 1809 (μηχανικῆς)
1007 1762 1027 1807 ἢ
1059 1764 1202 1808 ὀπτικῆς
1229 1762 1448 1808 ἀκριβεστέρα

212 1824 305 1858 ἐστίν
330 1823 537 1868 perspicere
567 1823 664 1859 licet.
716 1824 775 1859 Ne
800 1822 940 1867 reliqua
966 1823 1118 1867 quidem,
1146 1824 1184 1859 in
1210 1823 1337 1867 quibus
1363 1824 1447 1859 inde

215 1894 238 1920 a
263 1893 346 1929 pag.
374 1886 460 1929 60,1
488 1882 690 1919 communia
707 1881 960 1919 arithmeticae
987 1884 1026 1919 et
1044 1882 1268 1929 geometriae
1293 1893 1448 1928 pronun-

211 1942 309 1978 tiata
347 1945 575 1987 tractantur,
620 1941 772 1979 Gemino
814 1941 959 1977 detrahi
997 1944 1166 1987 possunt,
1208 1942 1377 1986 quoniam
1411 1942 1447 1978 in

213 2002 304 2038 haec
337 2001 438 2038 illum
470 2001 749 2047 diligentissime
779 2000 936 2037 animum
969 2001 1177 2039 advertisse
1203 2012 1297 2038 nunc
1322 2001 1448 2047 paucis

211 2060 300 2097 locis
348 2059 489 2096 collatis
528 2071 636 2106 pagg.
673 2063 797 2103 57,17‚
824 2065 870 2100 23,
899 2065 953 2102 283
980 2064 1064 2106 58,1
1100 2071 1153 2105 ss;
1189 2064 1379 2096 178—182
1411 2071 1447 2096 ss

216 2119 332 2156 obiter
357 2119 500 2164 adnot0‚
531 2118 627 2156 inira
653 2118 746 2156 satis
772 2119 1022 2164 comprobabo.
1075 2118 1171 2166 Quid
1196 2118 1337 2156 multa?
1365 2119 1447 2166 Qui-

312 2257 341 2295 *)
362 2256 461 2287 Unum
482 2256 579 2287 fuisse
605 2257 785 2295 scriptorem
809 2256 970 2288 Geminum
1000 2257 1082 2287 infra
1101 2257 1134 2287 in
1155 2257 1255 2296 capite
1277 2257 1305 2287 V
1326 2257 1447 2287 demon-

214 2305 373 2338 strabitur.
