1721 2633
739 120 980 152 -53—

242 217 325 253 sunt
358 214 418 262 (cf.
445 215 564 252 Procl.
595 226 677 263 pag.
707 218 785 263 103,
800 221 834 250 21
862 216 926 264 ss).
991 215 1119 262 Neque
1151 226 1237 253 vero
1271 214 1303 252 si
1333 216 1474 252 rectam

243 278 353 320 atque
380 274 551 312 cir0ulum
576 275 677 313 inter
703 286 742 313 se
769 286 965 322 compares,
999 277 1068 313 hae
1095 275 1215 312 lineae
1241 276 1366 312 eodem
1393 276 1473 312 loco

240 335 428 379 ponendae
454 338 555 381 sunt3
582 336 688 371 immo
714 338 865 381 rectam,
898 338 940 371 ut
966 338 1024 372 est
1049 335 1255 381 simplicior,
1289 337 1377 371 ante
1404 335 1472 372 cir-

242 393 360 431 culum
385 394 555 441 generari
574 394 747 432 Geminus
769 405 878 441 pagg.
900 396 977 441 106,
991 398 1160 441 20—107‚
1175 399 1211 429 10
1237 394 1472 431 demonstrat.

339 453 451 491 Porro
483 455 658 499 quomodo
689 455 746 490 his
781 454 1004 499 simplicibus
1035 455 1142 492 lineis
1177 457 1323 491 ceterae
1350 466 1471 492 omnes

183 517 186 520 '
240 516 469 560 generentur,
498 516 606 558 atque
634 513 694 558 qui
712 514 812 550 locus
840 513 1031 559 unicuique
1057 514 1300 560 assignandus
1327 513 1387 557 sit,
1413 514 1472 550 hic

241 584 311 609 non
341 573 493 619 amplius
523 583 795 618 persequamur,
829 573 995 618 quoniam
1025 573 1062 609 id
1094 584 1139 610 ex
1170 573 1346 609 linearum
1378 572 1470 609 ordi-

240 632 389 668 natione
419 643 526 678 pagg.
559 634 804 678 111,.1—113,
824 638 843 666 8
861 635 900 669 et
916 643 998 678 pag.
1022 636 1099 678 177,
1118 638 1215 666 9-23
1250 630 1358 667 facile
1391 641 1471 676 per-

240 691 402 737 spicitur,
429 702 536 737 quam
564 702 672 737 supra
699 691 789 728 satis
817 691 1047 738 agitavimus.
1117 739 1120 743 ἱ

340 750 584 797 Superficiem‚
617 762 708 796 quae
739 751 873 788 lineam
906 750 1146 797 consequitur,
1178 750 1315 786 stoicus
1347 748 1471 785 eodem

239 810 342 847 modo
368 810 561 852 tractavit,
598 811 698 847 velut
724 822 806 857 pag.
831 814 908 852 119,
931 817 948 844 7
975 821 1012 846 ss
1037 809 1285 856 generationis
1310 808 1471 855 vestigia

239 880 406 914 premens
431 870 555 907 varias
582 870 782 916 superficiei
800 870 936 907 formas
963 869 1111 916 collegit
1138 871 1249 914 atque
1266 868 1304 905 in
1331 868 1471 904 classes

238 929 391 975 redegit.

338 988 474 1035 Quodsi
498 989 618 1025 omnia
644 989 718 1025 alia
743 1000 808 1035 per
832 988 1041 1025 mixtionem
1067 999 1087 1024 e
1114 987 1336 1034 simplicibus
1361 997 1470 1034 gene-

237 1050 376 1093 rantur,
402 1048 567 1084 nimirum
592 1048 646 1084 illi
671 1051 748 1085 tres
774 1049 877 1094 modi,
910 1059 997 1093 quos
1023 1059 1107 1094 pag.
1140 1052 1248 1094 104,-9
1274 1058 1311 1083 ss
1338 1057 1469 1093 cogno-

238 1107 365 1153 vimus,
392 1107 439 1143 ad
456 1108 673 1153 multiplices
704 1108 843 1153 species
870 1110 908 1144 et
933 1108 1108 1144 linearum
1135 1110 1173 1144 et
1190 1107 1405 1153 angulorum
1432 1110 1470 1143 et

237 1166 431 1202 formarum
464 1167 540 1204 sive
575 1167 765 1212 planarum
801 1167 878 1204 sive
914 1167 1108 1203 solidarum
1133 1167 1331 1212 pertinent.
1378 1166 1469 1203 Cum

237 1229 358 1262 autem
377 1226 528 1262 eandem
546 1226 775 1272 disceptandi
791 1227 980 1270 rationem,
1014 1237 1121 1272 quam
1147 1226 1185 1263 in
1210 1226 1318 1263 lineis
1343 1226 1468 1272 anqui-

234 1285 357 1321 rendis
389 1286 696 1331 deprehendimus,
728 1297 868 1331 semper
891 1288 1075 1323 retentam
1102 1297 1182 1322 esse
1210 1297 1290 1322 cum
1316 1286 1394 1323 veri
1421 1286 1468 1322 si·

235 1345 421 1381 millimum
439 1345 489 1381 sit
514 1348 590 1381 tum
617 1356 724 1391 supra
742 1357 850 1392 pagg.
872 1350 912 1381 17
933 1356 969 1382 ss
988 1348 1026 1382 et
1045 1348 1086 1380 21
1104 1346 1467 1392 comprobaverimus,

235 1404 294 1441 hic
325 1415 464 1450 quoque
497 1405 655 1442 ordinem
686 1405 969 1442 mathematicae
1001 1406 1034 1442 ei
1066 1408 1152 1442 ante
1184 1406 1466 1454 oculos-obver-

235 1467 357 1501 satum
384 1475 465 1502 esse
490 1464 598 1501 facile
626 1465 796 1502 conicias.

333 1525 500 1570 Denique
526 1526 756 1562 theoremata
782 1525 925 1563 Gemini
951 1525 1091 1570 quidem
1118 1525 1303 1562 sententia
1327 1525 1467 1571 priores

234 1586 359 1629 partes
397 1595 501 1629 quam
527 1585 756 1630 problemata
781 1585 835 1620 ita
866 1588 992 1631 agunt,
1025 1587 1066 1620 ut
1095 1585 1187 1621 haec
1213 1584 1366 1629 δεύτερα,
1402 1585 1467 1621 illa

234 1645 357 1687 πρῶτα
396 1644 494 1690 (pag.
536 1646 616 1690 243,
627 1646 679 1690 20)
713 1645 899 1687 vocentur,
939 1654 1089 1688 quocum
1123 1644 1258 1680 locutio
1292 1643 1312 1687 ἡ
1346 1644 1467 1689 πρώτη

235 1702 395 1747 ἐπιστήμη
439 1703 536 1750 (pag.
577 1702 721 1750 243,18)
760 1703 867 1749 plane
906 1702 1074 1739 concinit.
1127 1703 1303 1750 Quoniam
1343 1706 1467 1740 autem

234 1762 326 1797 hunc
362 1762 522 1797 ordinem
558 1772 666 1807 supra
699 1773 781 1808 pag.
809 1765 852 1796 28
881 1772 908 1802 s,
949 1762 1011 1798 ubi
1045 1765 1231 1798 auctorem
1264 1763 1389 1799 horum
1414 1763 1465 1799 lo-

234 1831 355 1856 corum
381 1831 462 1857 esse
482 1820 673 1858 Geminum
691 1821 882 1857 ostendere
899 1820 1110 1865 studuimus,
1141 1821 1285 1867 saepius
1303 1821 1465 1858 animad-

234 1884 379 1917 vertere
411 1881 613 1927 debuimus,
643 1871 737 1917 nunc
768 1881 910 1926 quidem
941 1881 1034 1917 hanc
1066 1880 1256 1917 ordinandi
1286 1881 1466 1917 rationem

235 1950 513 1977 commemorare
540 1945 651 1986 atque
677 1941 724 1977 ad
751 1940 934 1986 superiora
960 1950 1157 1985 provocare
1183 1940 1277 1976 satis
1305 1940 1365 1976 sit.

332 1998 505 2035 Ceterum
532 2001 657 2036 eodem
680 2010 783 2044 quem
810 1999 913 2035 docui
940 2009 1049 2035 sensu
1067 1998 1208 2044 Carpus
1233 2000 1465 2037 mechanicus

233 2069 357 2097 vocem
392 2057 484 2101 τάξις
518 2068 559 2094 eo
594 2059 672 2095 loco
706 2058 930 2094 intellexisse
965 2058 1123 2104 videtur,
1158 2058 1219 2094 ubi
1253 2059 1297 2094 de
1332 2059 1464 2105 ordine,

233 2129 301 2163 quo
333 2118 562 2154 theoremata
595 2121 633 2155 et
663 2118 891 2164 problemata
920 2119 1087 2164 ponenda
1116 2118 1202 2164 sint,
1233 2119 1348 2156 verba
1373 2117 1465 2154 facit

234 2180 345 2222 atque
370 2176 735 2222 propriisutriusque
761 2177 903 2224 generis
929 2179 1037 2215 rebus
1053 2178 1241 2223 perpensis
1269 2178 1464 2225 problema,

233 2240 275 2273 ut
301 2236 350 2274 sit
376 2236 584 2282 simplicius,
612 2240 699 2274 ante
717 2238 869 2274 alterum
889 2237 1135 2274 collocandum
1162 2248 1243 2275 esse
1270 2236 1462 2275 concludit.

234 2297 288 2334 Cf.
314 2308 393 2347 pag.
423 2299 554 2339 242,2o
581 2307 598 2335 S
624 2295 712 2332 ὥστε
746 2300 800 2333 καὶ
832 2295 886 2333 διὰ
913 2296 976 2344 τὴν
1010 2297 1192 2345 ῥᾳστώνην
1228 2297 1464 2344 ἁπλούστερον
