1721 2633
668 109 909 140 ..44-

172 216 251 242 cum
276 205 394 251 priore
422 205 500 240 1000
527 202 732 249 ἐπιχειροῦσι
757 208 936 248 καθαιρεῖν
954 202 1016 248 τὴν
1034 202 1133 246 ἀξίαν
1150 208 1211 249 τῆς
1228 204 1407 249 ἐπιστήμης

172 266 296 308 ταύτης
322 264 443 309 aliqua
470 274 516 299 ex
541 266 648 308 parte
676 263 878 300 concinunt.
1150 291 1152 294 .

269 323 374 359 Sicut
407 325 529 358 autem
564 333 647 367 pag.
686 325 771 367 199,
793 327 811 354 9
837 321 988 366 Epicuri
1022 321 1145 357 schola
1179 332 1249 357 uno
1282 325 1409 358 tenore

170 393 248 418 cum
268 381 439 427 scepticis
459 392 482 418 a
500 381 654 419 Gemino
673 381 913 427 coniungitur,
940 380 997 417 ita
1018 380 1077 416 hic
1096 391 1234 425 quoque
1252 381 1409 418 alteram

171 442 325 477 classem
352 441 400 488 (οἱ
419 444 455 476 δὲ
472 452 556 487 pag.
579 445 634 481 25,
653 441 704 487 18)
733 441 904 485 Epicurei
922 440 1093 486 efficiunt,
1120 451 1142 476 a
1169 440 1297 484 quibus
1318 441 1408 477 arti-

169 500 268 545 ficia,
296 511 388 544 quae
417 501 464 535 ad
490 500 677 535 sensibilia
702 499 905 544 pertinent,
933 500 1045 535 multo
1071 499 1184 544 pluris
1212 499 1409 535 aestimata

170 569 250 595 esse
283 569 390 603 quam
422 569 559 595 meram
590 558 879 604 intelligibilium
910 557 1252 603 contemplationem
1282 561 1407 594 notum

171 620 238 653 est.
293 618 452 664 Quorum
477 618 616 662 placita
642 617 698 653 his
725 617 945 653 testimoniis
963 617 1001 653 in
1019 617 1225 653 memoriam
1242 617 1409 663 redigere

168 676 296 712 liceat:
333 677 434 713 Sext.
471 677 575 722 Emp.
604 677 685 713 adv.
711 677 884 714 mathem.
915 676 939 711 l.
966 677 988 712 Ι
1014 679 1033 720 ξ
1064 680 1079 710 1
1119 675 1183 719 τὴν
1208 674 1296 720 πρὸς
1326 675 1409 717 τοὺς

170 735 239 770 ἀπὸ
265 740 338 770 τῶν
370 736 588 779 μαθημάτων
621 735 819 779 ἀντίῤῥησιν
850 734 1052 779 κοινότερον
1082 737 1145 776 μὲν
1176 737 1408 770 διατεθεῖσθαι

169 797 334 829 δοκοῦσιν
366 797 398 829 οἱ
429 798 503 839 περὶ
537 794 598 829 τὸν
625 794 829 838 Ἐπίκουρον
864 792 913 835 ὥς
946 799 1018 828 τῶν
1052 793 1269 838 μαθημάτων
1302 796 1409 838 μηδὲν

169 854 435 898 συνεργούντων
470 853 559 899 πρὸς
593 857 717 897 σοφίας
751 857 931 889 τελείωσιν.
995 853 1071 891 Cic.
1107 854 1151 889 de
1185 853 1315 890 finibus
1340 854 1362 889 l.
1387 854 1409 890 I

169 924 199 948 c.
230 910 272 947 21'
302 925 335 958 p.
366 917 408 947 71
439 924 492 949 ss:
528 913 611 958 „An
642 913 705 948 ille
739 913 831 958 (scil.
863 912 1058 959 Epicurus)
1091 923 1130 949 se
1162 915 1205 949 ut
1230 913 1339 949 Plato
1370 913 1407 949 in

169 972 334 1015 musicis,
362 972 583 1017 geometria,
611 972 783 1017 numeris,
811 972 924 1007 astris
951 974 1174 1017 contereret,
1201 982 1293 1016 quae
1320 975 1359 1008 et
1386 984 1408 1008 a

169 1031 274 1067 falsis
301 1031 417 1068 initiis
443 1031 611 1077 profecta
643 1042 732 1068 vera
760 1041 839 1067 esse
866 1041 936 1067 non
967 1033 1120 1076 possunt
1147 1033 1196 1076 et,
1224 1030 1256 1067 si
1283 1034 1408 1067 8888111

167 1102 271 1137 vera,
304 1091 395 1127 nihil
422 1091 607 1137 afferrent,
640 1102 708 1136 quo
739 1090 927 1127 iucundius
958 1090 996 1127 id
1022 1093 1080 1127 est
1107 1101 1175 1136 quo
1201 1090 1327 1127 melius
1354 1091 1406 1127 vi-

168 1149 382 1186 veremus?“
432 1151 546 1186 Plura
572 1150 604 1186 si
631 1150 710 1194 quis
738 1150 937 1195 desideret,
971 1150 1049 1194 ipse
1085 1150 1198 1186 adeat
1225 1150 1407 1195 copiosum

169 1209 327 1245 Useneri
362 1209 507 1253 librum,
545 1209 605 1253 qui
636 1209 819 1254 Epicurea
855 1209 1082 1253 inscribitur3
1118 1208 1161 1244 cf.
1192 1208 1236 1244 ir.
1270 1212 1339 1243 227
1360 1220 1406 1245 ss.

172 1268 427 1314 Quaecumque
454 1268 568 1313 igitur
594 1268 678 1304 inde
706 1280 728 1304 a
754 1279 835 1314 pag.
857 1270 914 1311 25,
932 1272 968 1301 18
994 1278 1107 1312 usque
1134 1267 1181 1303 ad
1203 1278 1287 1313 pag.
1309 1270 1365 1309 26,
1388 1274 1406 1301 9

168 1337 190 1361 a
208 1326 339 1362 Proclo
367 1326 607 1369 disseruntur,
634 1327 743 1372 plane
767 1337 812 1363 ex
830 1327 979 1372 Epicuri
1002 1326 1191 1363 sententia
1209 1327 1406 1363 declamari

168 1385 248 1430 quis
275 1389 343 1431 est,
371 1386 455 1430 quin
480 1386 697 1433 intellegat?

266 1444 339 1482 Sed
365 1445 449 1490 quid
475 1445 528 1482 rei
547 1446 677 1482 Proclo
702 1457 781 1482 cum
805 1447 929 1482 horum
954 1445 1247 1490 philosophorum
1273 1446 1406 1482 scholis

170 1505 249 1549 fuit,
277 1516 370 1549 quae
398 1505 475 1541 eius
499 1507 626 1541 aetate
646 1506 718 1541 iam
738 1505 876 1551 pridem
895 1504 1161 1541 defloruerant‘?
1199 1505 1302 1541 Nihil
1320 1505 1406 1541 suit!

167 1564 269 1608 nihil,
297 1564 458 1609 inquam!
509 1565 647 1602 Verum
680 1565 863 1602 enimvero
892 1564 1083 1606 Geminus,
1111 1564 1234 1600 Procli
1266 1567 1405 1611 auctor,

168 1627 209 1659 ut
237 1626 317 1660 erat
343 1624 494 1663 stoicus.
521 1624 553 1660 is
581 1628 673 1670 erat,
701 1625 762 1670 qui
781 1624 1072 1662 adversariorum
1091 1623 1406 1669 interpellationes

168 1683 353 1728 exciperet
372 1686 484 1728 atque
502 1684 801 1720 mathematicam
821 1685 867 1720 ab
886 1694 1008 1720 eorum
1026 1683 1165 1728 impetu
1183 1683 1404 1720 defenderet.

167 1742 295 1786 Neque
321 1753 409 1779 vero
435 1743 473 1779 in
491 1743 554 1789 eis,
582 1754 674 1788 quae
699 1747 829 1780 contra
854 1736 1121 1788 contemptores
1149 1742 1199 1789 (οὶ
1217 1742 1279 1786 τὴν
1295 1747 1405 1787 μαθη-

168 1801 313 1844 ματικὴν
332 1800 553 1844 ἀτιμάζοντες
566 1803 749 1847 ἐπιστήμην
761 1814 845 1849 pag.
859 1806 914 1847 29,
928 1805 977 1847 13)
992 1801 1232 1849 proferuntur,
1247 1802 1406 1849 vestigia

168 1860 314 1905 desunt,
350 1861 479 1905 quibus
514 1862 605 1897 haec
640 1863 826 1898 sententia
857 1861 1097 1897 confirmetur.
1149 1860 1280 1897 Nonne
1305 1861 1404 1906 prin-

168 1918 264 1963 cipia
289 1920 551 1956 mathematica
578 1922 623 1956 ab
650 1921 713 1966 eis,
740 1932 832 1966 quae
860 1931 905 1956 ex
930 1920 1055 1965 primis
1080 1919 1238 1956 decretis
1263 1920 1404 1956 conclu-

168 1978 316 2023 duntur,
352 1979 404 2014 illi
435 1979 607 2025 religiose
635 1980 812 2016 distincta
838 1979 951 2017 fuisse
978 1989 1057 2015 cum
1084 1978 1297 2024 saepissime
1324 1989 1404 2025 cog-

165 2037 331 2074 novimus
349 2041 424 2074 tum
442 2038 500 2074 his
519 2039 643 2076 verbis
661 2040 912 2085 perspicimus:
939 2037 981 2072 τὰ
998 2039 1062 2079 μὲν
1080 2037 1186 2082 ἀρχῆς
1202 2038 1267 2081 ἔχει
1285 2038 1403 2082 λόγον,

166 2095 210 2131 τὰ
236 2098 272 2131 δὲ
291 2101 363 2131 τῶν
379 2097 559 2139 ἑπομένων
587 2105 661 2139 ταῖς
684 2099 836 2142 πρώταις
853 2097 1060 2133 ὑποθέσεσιν
1078 2096 1174 2144 (pag.
1196 2100 1252 2142 26,
1268 2103 1306 2131 27
1325 2097 1404 2144 SS)?

166 2155 297 2193 Nonne
324 2157 646 2203 contemplativum
668 2169 786 2194 rerum
806 2158 965 2195 studium
984 2168 1091 2202 quam
1110 2167 1299 2203 operarum
1317 2156 1404 2193 arti-

166 2217 249 2252 ficia
282 2217 397 2253 multo
431 2217 543 2261 pluris
578 2220 680 2254 stare
716 2218 810 2254 sicut
845 2228 954 2263 pagg.
992 2219 1148 2263 27‚12—
1167 2220 1228 2257 28,
1247 2222 1286 2250 22
1321 2215 1404 2252 aliis

169 2275 290 2313 multis
325 2275 417 2313 locis
454 2276 674 2314 adversariis
707 2277 927 2323 persuadere
959 2275 1156 2313 studebat?
1212 2276 1403 2314 Postremo
