1721 2633
751 92 796 97 -..
850 75 894 105 50
947 91 993 97 .-

353 170 527 207 Ceterum
562 170 606 206 de
641 169 788 206 notione
822 169 927 207 verbi
960 168 1094 205 τάσσειν
1134 170 1299 209 conferas
1333 169 1489 207 indicem

252 230 372 274 Pappi
399 229 605 266 collectioni
631 230 677 265 ab
695 229 890 266 Hultschio
917 229 1100 266 adiectum
1127 239 1154 265 s.
1182 240 1215 267 v.
1242 230 1368 272 τάσσω,
1394 229 1488 266 unde

253 288 422 326 discimus
447 290 517 326 hoc
543 299 623 326 esse
654 288 750 325 idem
782 291 892 334 atque
923 291 1044 334 „certo
1076 289 1230 335 quodam
1262 290 1386 327 ordine
1418 289 1488 327 dis-

251 350 427 394 ponere“;
454 349 663 394 specialiter
688 348 891 393 perfectum
916 348 1077 391 τετάχθαι
1104 348 1287 394 significat
1315 349 1489 394 „formam

251 408 458 454 regularem
483 408 653 444 habere“.
696 407 798 443 Idem
819 410 1005 445 testantur
1023 407 1262 445 Archimedes
1280 408 1325 445 de
1342 409 1490 446 notione

252 471 392 511 ταχθεὶς
416 468 522 511 λόγος
542 468 657 504 verba
675 466 856 515 faciens*)
883 470 922 504 et
939 468 1041 504 Hero
1064 467 1100 503 in
1120 467 1388 504 definitionibus
1405 479 1488 514 pag.

253 529 310 572 24,
325 532 343 559 6
366 537 384 562 s
401 527 476 563 ΗΠ.
491 526 549 562 his
567 526 690 563 verbis
710 528 756 570 (αἱ
773 529 917 561 κωνικαὶ
934 529 990 560 καὶ
1008 529 1169 571 σπειρικαὶ
1187 529 1353 572 γραμμαὶ)
1372 540 1489 571 τεταγ-

253 586 353 626 μέναι
378 588 471 626 εἰσὶν,
500 589 571 619 τῶν
597 587 633 619 δὲ
660 583 820 620 ἀτάκτων
846 587 980 629 πλῆθος
1006 583 1149 630 ἄπειρόν
1174 586 1274 621 ἐστιν.

351 644 498 681 86ᾶ116
524 644 651 680 Latini
678 645 876 690 scriptores
901 645 1158 691 neglegantur,
1190 656 1235 681 ex
1260 645 1421 683 Vitruvii
1446 646 1489 682 de

252 704 443 740 architect.
485 704 578 740 libro
613 705 634 740 I
665 715 744 749 cap.
776 709 795 739 2
830 707 888 749 §1
911 715 928 740 s
963 705 1055 741 haec
1094 704 1256 741 afferam:
1288 706 1489 747 „architec-

251 766 336 799 tura
357 766 504 799 constat
523 774 568 800 ex
586 763 826 809 ordinatione,
850 774 943 808 quae
962 764 1108 801 Graece
1127 765 1218 807 τάξις
1236 764 1370 801 dicitur
1384 791 1487 800 .....

251 822 432 858 ordinatio
465 826 524 859 est
543 821 693 859 'modica
718 824 957 859 membrorum
984 823 1104 869 operis
1128 823 1363 860 commoditas
1387 835 1487 869 sepa·

250 881 361 917 ratim
370 882 636 927 universaeque
649 882 893 928 proportionis
907 882 955 918 ad
969 883 1217 928 symmetriam
1230 884 1488 929 comparatio“.

250 941 443 977 Postremo
461 941 589 988 locum,
612 951 718 986 quem
736 941 992 987 gravissimum
1010 953 1091 979 esse
1109 942 1287 988 existimo,
1316 953 1360 979 ex
1379 943 1488 990 Quin-

249 1001 371 1037 tiliani
405 1001 566 1037 institut.
596 1005 688 1039 orat.
717 1012 858 1038 sumere
892 1002 998 1047 licet,
1033 1002 1094 1038 ubi
1120 1002 1142 1037 l.
1162 1003 1183 1038 Ι
1214 1013 1292 1047 cap.
1333 1006 1375 1037 10
1403 1002 1487 1050 §37

249 1060 416 1105 legimus:
448 1060 620 1105 „primum
647 1061 747 1096 ordo
775 1063 834 1096 est
858 1061 1081 1105 geometriae
1098 1061 1343 1106 necessarius3
1370 1072 1488 1097 nonne

250 1122 288 1155 et
323 1119 575 1165 eloquentiae?
615 1130 665 1156 ex
703 1119 923 1165 prioribus
964 1120 1164 1166 geometria
1202 1121 1335 1166 probat
1372 1120 1488 1157 inse-

250 1179 447 1224 quentia,
475 1190 526 1215 ex
552 1180 690 1215 certis
716 1180 912 1215 incerta⁴‘
944 1190 974 1215 e.
1003 1190 1035 1224 q.
1065 1191 1093 1216 s.

350 1238 424 1275 Sed
458 1238 549 1275 satis
585 1239 629 1275 de
663 1239 747 1275 hoc!
801 1238 912 1275 Certo
947 1238 1081 1275 nullius
1115 1238 1297 1285 vocabuli,
1339 1238 1432 1283 quod
1467 1250 1489 1275 a

250 1297 376 1333 radice
403 1310 467 1340 ταγ
493 1298 698 1336 derivatum
725 1301 798 1343 est,
831 1298 888 1334 vis
920 1308 1053 1334 ususve
1081 1298 1114 1333 ei
1139 1298 1274 1333 rationi
1299 1301 1488 1343 repugnat,

251 1367 322 1401 qua
347 1356 530 1393 notionem
556 1355 575 1401 ἡ
603 1359 675 1392 τῶν
699 1356 917 1401 μαθημάτων
943 1356 1036 1399 τάξις
1061 1356 1263 1402 explanavi.

351 1415 455 1462 Quod
470 1416 645 1453 Geminus
673 1420 798 1462 aptam
826 1416 980 1452 omnium
1008 1417 1167 1461 partium
1194 1416 1489 1461 compositionem

249 1474 288 1510 in
313 1475 579 1512 mathematica
607 1475 817 1513 conservari
843 1477 888 1512 ab
916 1475 1020 1511 initio
1048 1475 1297 1521 contenderat,
1323 1474 1487 1520 profecto

250 1534 350 1571 tanti
384 1537 442 1571 est
474 1546 520 1571 ex
553 1536 645 1581 ipsis
680 1535 843 1580 reliquiis
879 1537 1066 1575 excutere,
1103 1534 1277 1579 quomodo
1307 1534 1371 1570 ille
1407 1534 1488 1570 aliis

250 1593 335 1629 libri
374 1595 628 1631 mathematici
661 1595 751 1631 locis
785 1595 880 1630 hunc
921 1594 1109 1630 doctrinae
1150 1592 1308 1629 ordinem
1343 1593 1489 1638 planum

250 1651 392 1689 fecerit.
444 1653 502 1689 Ac
527 1654 681 1699 primum
714 1654 857 1699 quidem
885 1653 960 1690 eius
993 1652 1178 1690 sententia
1203 1655 1347 1689 tantum
1375 1653 1488 1699 abest,

250 1715 292 1748 ut
311 1713 479 1759 singulae
507 1725 599 1758 quae
627 1718 708 1751 arte
731 1714 994 1750 mathematica
1019 1713 1252 1749 continentur
1278 1712 1490 1758 disciplinae

251 1772 349 1808 inter
381 1783 420 1809 se
455 1784 564 1818 pares
596 1774 681 1819 sint,
715 1776 757 1810 ut
789 1776 917 1809 contra
950 1775 1049 1808 certo
1082 1772 1235 1817 quodam
1268 1772 1391 1808 ordine
1418 1772 1488 1809 dis-

250 1832 439 1876 ponendae
482 1832 571 1879 sint,
611 1834 711 1869 cuius
747 1833 910 1869 rationes
948 1834 1201 1877 perscrutatus
1236 1830 1411 1868 Geminus
1451 1832 1488 1868 in

251 1891 374 1927 Procli
405 1893 663 1929 commentario
699 1904 807 1938 pagg.
839 1896 895 1933 59,
911 1895 1067 1936 8—60,1
1100 1891 1293 1936 congessit.
1344 1891 1490 1928 Stoicus

252 1949 345 1986 enim
373 1950 654 1998 arithmeticam,
682 1963 773 1997 quae
800 1951 917 1997 prima
936 1953 1048 1995 atque
1075 1961 1181 1995 quam
1208 1949 1361 1986 maxime
1387 1951 1489 1987 abso-

250 2010 332 2046 luta
359 2010 552 2056 disciplina
571 2014 640 2057 est,
667 2016 754 2048 ante
781 2011 1019 2057 geometriam
1037 2009 1169 2055 posuit,
1196 2009 1281 2054 quia
1299 2009 1353 2045 sic
1378 2009 1489 2045 ratio-

251 2069 396 2106 cinatus
432 2074 505 2107 est:
543 2070 562 2115 ἡ
600 2070 806 2115 ἀριθμητικὴ
845 2100 851 2106 .
881 2098 888 2105 .
918 2097 925 2104 .
963 2067 1182 2114 ἀκριβεστέρα
1214 2071 1418 2112 γεωμετρίας
1446 2090 1487 2094 -

249 2130 284 2164 αἱ
308 2128 376 2174 γὰρ
402 2130 528 2175 ἐκείνης
554 2129 657 2176 ἀρχαὶ
684 2135 724 2174 τῇ
750 2129 916 2175 ἁπλότητι
942 2130 1165 2173 διαφέρουσιν
1190 2156 1196 2163 .
1217 2155 1225 2163 .
1246 2155 1253 2162 .
1278 2126 1381 2172 ἀρχαὶ
1407 2141 1490 2171 γεω-

349 2247 378 2287 *)
401 2248 444 2278 Cf.
466 2248 597 2280 Archim.
620 2249 667 2280 ed.
688 2248 776 2280 Heib.
796 2249 887 2279 indic.
909 2249 934 2280 L
