1721 2633
560 547 885 613 Epimetrum
918 546 1170 599 criticum.

346 648 392 684 In
417 647 625 684 Friedleinii
651 647 809 684 editione
836 657 915 683 cum
941 647 1005 683 alii
1029 646 1136 683 multi
1166 645 1237 682 loci
1262 648 1339 682 tum
1365 645 1480 682 verba

246 717 329 752 pag.
357 710 539 751 38,13—17
574 707 787 751 corruptelis
819 707 1009 750 inquinata
1043 709 1142 751 sunt,
1177 705 1262 750 quia
1297 715 1352 745 ea,
1388 714 1479 748 quae

246 764 377 801 tactici
402 765 548 810 propria
567 776 646 801 esse
673 766 910 811 explicantur,
938 766 985 801 ad
1010 766 1079 801 hoc
1100 775 1227 801 munus
1252 773 1479 807 nequaquam

247 824 439 869 quadrant.
498 824 737 871 Quamobrem
773 824 943 871 Tannery
977 825 1069 861 Rev.
1106 825 1150 860 de
1183 823 1305 869 philol.
1338 833 1371 858 n.
1398 833 1425 859 s.
1452 826 1478 858 t.

244 883 352 920 XIII
390 894 475 929 pag.
512 886 554 918 73
601 894 665 930 pro
707 884 888 930 scriptura
926 884 963 919 ἐν
1005 892 1081 926 ταῖς
1127 882 1363 927 ἐξαριθμήσεσι
1406 886 1479 917 τῶν

245 942 363 986 λόγων
380 943 567 988 proposuit
584 945 657 978 τῶν
674 944 801 986 λόχων.
852 944 924 981 Sed
946 944 1007 980 fac
1023 944 1119 979 hanc
1137 943 1382 979 coniecturam
1399 952 1476 977 rec-

245 1005 323 1038 tam
341 1012 436 1039 esse:
456 1002 629 1047 quomodo
648 1005 853 1048 geometrae
870 1002 1013 1039 ratione
1030 1003 1113 1039 loca
1130 1002 1348 1038 distribuere
1367 1001 1476 1037 dime-

246 1061 357 1098 tirive
373 1061 545 1109 (διαίρεσις
562 1064 617 1096 καὶ
635 1061 858 1106 ἀναμέτρησις
874 1066 948 1096 τῶν
963 1061 1120 1108 χωρίων)
1138 1061 1333 1106 praecipue
1349 1060 1479 1096 tactici

244 1120 302 1165 sit,
335 1131 392 1156 me
425 1120 567 1165 quidem
597 1132 668 1157 non
699 1121 909 1167 intellegere
939 1121 1067 1157 fateor.
1118 1120 1221 1167 Quae
1253 1120 1408 1165 suspicio
1435 1131 1476 1155 eo

244 1182 409 1226 augetur,
444 1180 537 1225 quod
567 1181 673 1225 paulo
705 1181 801 1217 infra
833 1181 931 1228 (pag.
958 1184 1014 1223 39,
1029 1183 1058 1223 1)
1091 1191 1151 1216 ars
1177 1180 1318 1216 tactica
1344 1179 1477 1216 iterum

243 1240 437 1283 tractatur,
465 1241 650 1284 tamquam
669 1240 700 1275 si
725 1242 836 1275 antea
858 1240 958 1275 nulla
984 1240 1060 1275 eius
1078 1239 1213 1274 mentio
1239 1239 1341 1275 facta
1365 1242 1474 1275 esset.

245 1297 367 1344 Quare
385 1298 562 1348 vocabulo
588 1297 750 1333 τακτικὸν
770 1298 906 1335 reiecto
924 1298 1081 1344 priorem
1097 1298 1214 1334 locum
1241 1298 1294 1334 sic
1311 1298 1475 1333 emendo:

242 1357 285 1391 τὸ
304 1356 332 1392 δ’
362 1353 407 1392 αὖ
432 1357 679 1392 τεκτονικὸν
704 1357 769 1393 οὐκ
795 1356 949 1400 ἀξιοῦσιν
970 1362 1042 1392 κτλ.
1085 1358 1157 1393 Est
1173 1357 1338 1402 profecto
1358 1357 1475 1393 archi-

243 1416 336 1452 tecti
353 1417 521 1453 aedifieia
539 1417 783 1454 construentis
809 1417 1058 1463 proportiones
1076 1417 1299 1463 singularum
1316 1416 1476 1462 partium

243 1478 415 1511 accurate
446 1479 628 1522 reputare,
663 1477 745 1512 loca
777 1476 814 1512 in
846 1477 972 1521 quibus
999 1477 1108 1512 aedes
1135 1479 1390 1513 exstructurus
1417 1480 1475 1512 est

243 1534 406 1571 dividere
437 1545 482 1570 ac
508 1535 736 1581 distribuere,
766 1538 958 1581 postquam
983 1546 1171 1571 mensuras
1201 1536 1360 1571 locorum
1390 1535 1474 1570 iniit

242 1592 289 1629 cf.
316 1593 460 1631 vitruv.
487 1594 532 1630 de
559 1594 689 1630 archit.
714 1595 739 1632 1.
765 1595 786 1631 Ι
812 1605 841 1631 c.
870 1600 889 1630 2
917 1594 938 1643 ξ
967 1598 997 1640 1,
1025 1598 1056 1640 2,
1084 1598 1115 1640 8,
1143 1597 1175 1630 9.

340 1653 529 1689 Postremo
556 1654 673 1690 locum
700 1654 795 1700 (pag.
813 1656 1013 1700 403‚7—14)
1039 1657 1245 1692 annectam,
1272 1654 1333 1689 ubi
1359 1655 1474 1691 verba

241 1721 286 1747 ne
322 1711 497 1747 distincta
531 1712 673 1756 quidem
709 1716 810 1749 recte
836 1714 882 1749 ab
916 1712 1069 1757 editore,
1104 1713 1234 1748 nedum
1266 1712 1359 1748 satis
1392 1723 1473 1757 per-

243 1773 372 1815 specta
399 1773 495 1807 sunt.
544 1771 727 1816 Imprimis
757 1771 870 1818 igitur
899 1782 963 1816 pro
990 1771 1179 1816 scriptura,
1215 1781 1322 1815 quam
1347 1770 1410 1806 ille
1436 1771 1474 1806 in

242 1833 424 1875 apparatu
455 1830 582 1867 critico
613 1831 768 1877 profert,
809 1832 839 1866 δ’
865 1833 910 1872 εἰς
936 1829 957 1865 ἃ
982 1829 1138 1878 (MB3G)
1171 1840 1304 1875 repono
1345 1832 1382 1864 δὲ
1417 1831 1473 1865 ἴσα

242 1890 352 1933 atque
377 1891 494 1925 totum
520 1889 639 1926 locum
665 1890 718 1926 Sic
743 1890 911 1927 restituo:
941 1887 1005 1934 ἤδη
1031 1891 1068 1924 δὲ
1093 1903 1180 1931 τινες
1204 1892 1369 1924 κοινωνοὶ
1395 1903 1472 1934 κτη-

240 1947 361 1989 μάτων
386 1948 424 1982 ἐν
449 1950 493 1991 τῇ
520 1950 674 1992 διαιρέσει
707 1953 979 1993 παρελογίσαντο
1012 1948 1096 1990 τοὺς
1128 1950 1469 1990 συνδιανεμομένους,

240 2010 281 2049 τῇ
305 2005 459 2050 ὑπεροχῇ
484 2009 544 2050 τῆς
578 2009 782 2052 περιμέτρου
812 2007 1115 2052 παραχρησάμενοι
1149 2011 1204 2041 καὶ
1237 2011 1378 2041 πλείονα
1413 2012 1470 2041 λα-

239 2065 359 2108 βόντες
385 2067 459 2101 τῶν
486 2064 714 2103 ἀπελθόντων
740 2066 929 2112 εἰληφότων
955 2066 995 2102 τὸ
1021 2064 1089 2102 ὑπὸ
1114 2070 1175 2111 τῆς
1198 2068 1357 2110 μείζονος
1380 2079 1470 2111 περι-

239 2125 367 2167 μέτρου
392 2125 655 2168 περιεχόμενον·
686 2127 838 2167 ἐμβαδὸν
865 2129 901 2160 δὲ
931 2127 986 2160 ἴσα
1017 2124 1222 2167 ἀμείψαντες
1251 2130 1379 2169 χωρία,
1414 2140 1471 2161 πε-

240 2183 341 2227 ριοχῇ
379 2184 417 2218 δὲ
450 2182 605 2219 ἐλάσσονι
640 2184 814 2229 χρώμενοι
846 2187 1033 2228 βελτίστων
1073 2182 1312 2229 ἀπηνέγκαντο
1346 2184 1472 2228 ὁόξαν,·

240 2242 287 2279 cf.
312 2242 432 2279 Procl.
459 2253 541 2289 pag.
570 2247 651 2290 236,
663 2249 751 2281 2—5.
