1721 2633
708 661 869 725 Caput
900 660 971 710 III.

481 759 543 799 De
571 758 732 799 Gemini
758 759 867 798 libro
893 758 1197 799 mathematico.

529 843 550 886 ἓ
581 845 609 877 l.
659 842 724 877 De
749 840 853 877 libri
879 840 1142 876 condicione.

318 910 495 957 Quoniam
528 910 692 956 longiore
728 910 980 954 disquisitione
1016 910 1110 946 satis
1146 910 1407 954 expedivimus,
1435 920 1458 945 a

218 980 289 1013 qua
325 969 519 1014 disciplina
546 969 722 1006 Geminus
756 968 942 1013 profectus
978 969 1028 1004 sit
1061 968 1214 1013 quidque
1248 969 1292 1004 de
1318 969 1457 1005 mathe-

217 1028 357 1064 matica
384 1028 552 1064 doctrina
578 1028 743 1073 senserit,
772 1028 946 1072 sequitur,
975 1030 1015 1063 ut
1041 1027 1117 1063 eius
1144 1028 1267 1067 libros,
1299 1038 1388 1072 quos
1415 1028 1458 1063 de

217 1088 324 1122 rebus
351 1087 623 1123 mathematicis
650 1087 861 1131 composuit,
890 1087 1097 1122 accuratius
1125 1087 1388 1122 adumbremuS.

317 1145 497 1190 Imprimis
512 1150 636 1182 autem
650 1146 846 1181 tenendum
861 1149 919 1181 est
933 1145 1064 1181 librum
1079 1145 1378 1181 mathematicum
1388 1156 1458 1180 non

218 1216 298 1241 eum
325 1204 364 1240 in
389 1206 532 1241 modum
553 1209 801 1251 comparatum
820 1204 943 1248 fuisse,
970 1205 1143 1249 quomodo
1163 1216 1190 1240 e.
1210 1215 1245 1250 g.
1264 1205 1458 1241 Elementa

219 1265 264 1300 ab
281 1264 435 1300 Euclide
451 1265 651 1309 composita
666 1275 747 1301 esse
761 1264 939 1309 videmus;
953 1275 1069 1308 neque
1083 1265 1177 1300 enim
1194 1264 1369 1301 Geminus
1383 1275 1458 1300 um-

218 1335 325 1368 quam
342 1324 390 1359 ad
404 1335 528 1359 omnes
547 1324 711 1369 singulas
724 1324 990 1369 propositiones
998 1323 1030 1369 *)
1046 1324 1234 1360 descendit
1248 1333 1364 1367 neque
1379 1334 1458 1359 eam

219 1383 492 1419 demonstrandi
501 1383 561 1419 vel
575 1383 741 1419 solvendi
754 1383 935 1419 rationem
945 1383 1132 1419 veteribus
1147 1385 1184 1419 et
1197 1383 1458 1418 recentioribus

218 1442 490 1478 mathematicis
513 1442 689 1477 usitatam
714 1442 897 1487 adhibuit,
926 1442 1028 1478 cuius
1051 1445 1175 1487 partes
1197 1442 1351 1477 Proclus
1374 1452 1457 1487 pag.

220 1504 289 1535 203
306 1512 343 1536 ss
369 1500 449 1537 iuse
471 1501 720 1545 perlustravit.
756 1501 811 1537 At
825 1512 908 1547 pag.
926 1504 1005 1546 251,
1028 1506 1045 1534 3
1064 1512 1100 1537 ss
1119 1502 1156 1537 in
1171 1501 1223 1536 eis
1237 1503 1457 1544 numeratur,

219 1560 277 1605 qui
289 1561 630 1597 demonstraverunt
641 1558 700 1601 τὰς
714 1560 772 1603 ἀφ’
788 1559 866 1601 ἑνὸς
881 1564 1021 1604 σημείου
1035 1560 1314 1605 προςπιπτούσας
1326 1559 1460 1600 εὐθείας

219 1620 291 1659 ἴσας
316 1620 369 1653 ἐπὶ
400 1622 483 1660 μίαν
517 1617 704 1663 ὁμοιομερῆ
737 1618 898 1663 γραμμὴν
930 1620 1003 1660 ἴσας
1034 1622 1161 1662 γωνίας
1185 1619 1351 1661 ποιούσας
1376 1615 1459 1659 ὥςτε

219 1680 282 1713 εἴτε
310 1683 380 1714 κτλ.
432 1680 495 1715 An
522 1680 615 1715 haec
641 1690 711 1715 non
730 1682 787 1716 est
804 1678 1026 1725 propositio?
1070 1679 1167 1717 Sane
1186 1679 1343 1724 quidem!
1387 1678 1460 1716 Sed

218 1740 359 1783 verbis,
394 1750 488 1784 quae
515 1741 798 1784 subsequuntur,
830 1739 940 1784 plane
967 1742 1153 1784 comparet
1178 1740 1273 1775 hanc
1298 1738 1457 1784 proposi-

217 1799 352 1834 tionem
378 1798 480 1834 nulla
508 1798 583 1834 alia
609 1799 653 1835 de
680 1809 793 1834 causa
827 1799 873 1834 ab
907 1809 948 1834 eo
984 1809 1065 1835 esse
1100 1799 1281 1844 adlatam,
1315 1798 1386 1835 nisi
1417 1801 1459 1834 ut

219 1868 263 1893 ea
289 1857 394 1892 nixus
420 1858 488 1893 hoc
514 1858 798 1893 demonstraret:
826 1853 878 1891 ὅτι
904 1857 1008 1899 μόναι
1035 1865 1123 1900 τρεῖς
1148 1860 1209 1891 εἰσι
1236 1860 1386 1900 γραμμαὶ
1404 1860 1458 1891 καὶ

219 1914 262 1950 οὐ
288 1920 425 1957 πλείους
456 1918 488 1950 αἱ
524 1915 751 1960 ὁμοιομερεῖς,
788 1917 905 1951 εὐθεῖα
941 1920 996 1950 καὶ
1032 1915 1214 1960 περιφερὴς
1244 1919 1300 1950 καὶ
1333 1915 1353 1960 ἡ
1382 1919 1459 1960 περὶ

217 1974 405 2018 κύλινδρον
431 1975 501 2017 ἕλιξ
527 1975 624 2023 (pag.
645 1979 726 2017 251,
746 1975 869 2023 9-11).
925 1975 1170 2012 Oonfirmatur
1195 1975 1289 2011 idem
1316 1986 1358 2011 eo
1386 1975 1458 2012 Ge-

217 2034 306 2070 mini
319 2035 409 2078 loco,
426 2045 494 2078 quo
508 2035 687 2070 linearum
702 2045 836 2080 genera
851 2035 1092 2081 disponuntur
1102 2034 1225 2082 (pagg.
1240 2039 1255 2069 1
1265 2039 1280 2069 1
1290 2036 1458 2082 1-113),

218 2093 387 2138 quoniam
405 2105 512 2140 pagg.
535 2098 615 2136 112,
636 2099 722 2128 20-
742 2099 819 2140 113,
840 2100 857 2128 3
887 2095 1037 2141 legitur:
1070 2095 1134 2129 δύο
1160 2097 1223 2135 μὲν
1248 2096 1286 2129 ἐν
1310 2095 1458 2139 ἐπιπέδῳ

217 2152 334 2194 ἁπλαῖ,
353 2156 413 2194 μία
432 2155 468 2187 δὲ
484 2153 584 2197 μικτὴ
599 2156 675 2197 περὶ
694 2156 818 2200 στερεῷ
837 2154 928 2200 (scil.
950 2153 1166 2197 ὁμοιομερεῖς
1183 2157 1338 2198 γραμμαί
1352 2153 1458 2199 εἰσιν).

317 2263 346 2300 *)
382 2261 540 2292 Vocabulo
582 2261 799 2301 propositionis
841 2262 997 2293 notionem
1039 2262 1325 2300 „mathematischer
1365 2261 1459 2291 Lehr-

218 2313 304 2343 satz“
338 2312 413 2344 dico.
