<?xml version="1.0" encoding="UTF-8"?>
<!DOCTYPE html PUBLIC "-//W3C//DTD XHTML 1.0 Transitional//EN"
    "http://www.w3.org/TR/xhtml1/DTD/xhtml1-transitional.dtd">
<html xmlns="http://www.w3.org/1999/xhtml" xml:lang="en" lang="en">
 <head>
  <title>
</title>
<meta http-equiv="Content-Type" content="text/html;charset=utf-8" />
  <meta name='ocr-system' content='tesseract 3.04.00' />
  <meta name='ocr-capabilities' content='ocr_page ocr_carea ocr_par ocr_line ocrx_word'/>
</head>
<body>
  <div class='ocr_page' id='page_1' title='image "4771752_0072.png"; bbox 0 0 1721 2633; ppageno 0'>
   <div class='ocr_carea' id='block_1_1' title="bbox 752 136 992 168">
    <p class='ocr_par' dir='ltr' id='par_1_1' title="bbox 752 136 992 168">
     <span class='ocr_line' id='line_1_1' title="bbox 752 136 992 168; baseline -0.004 -7"><span class='ocrx_word' id='word_1_1' title='bbox 752 136 992 168; x_wconf 81' lang='grc'>...66-</span> 
     </span>
    </p>
   </div>
   <div class='ocr_carea' id='block_1_2' title="bbox 246 232 1494 2349">
    <p class='ocr_par' dir='ltr' id='par_1_2' title="bbox 250 232 1494 1520">
     <span class='ocr_line' id='line_1_2' title="bbox 253 232 1491 280; baseline -0.002 -8"><span class='ocrx_word' id='word_1_2' title='bbox 253 235 325 272; x_wconf 88' lang='lat' dir='ltr'>nisi</span> <span class='ocrx_word' id='word_1_3' title='bbox 342 236 425 271; x_wconf 90' lang='lat' dir='ltr'>hoc:</span> <span class='ocrx_word' id='word_1_4' title='bbox 446 245 485 271; x_wconf 91' lang='lat' dir='ltr'>se</span> <span class='ocrx_word' id='word_1_5' title='bbox 503 234 541 270; x_wconf 91' lang='lat' dir='ltr'>in</span> <span class='ocrx_word' id='word_1_6' title='bbox 556 233 702 272; x_wconf 78' lang='lat' dir='ltr'>Gemini</span> <span class='ocrx_word' id='word_1_7' title='bbox 719 233 810 270; x_wconf 89' lang='lat' dir='ltr'>libro</span> <span class='ocrx_word' id='word_1_8' title='bbox 829 233 923 269; x_wconf 87' lang='lat' dir='ltr'>hanc</span> <span class='ocrx_word' id='word_1_9' title='bbox 945 232 1227 279; x_wconf 81' lang='lat' dir='ltr'><strong>propositionem</strong></span> <span class='ocrx_word' id='word_1_10' title='bbox 1244 233 1391 280; x_wconf 83' lang='lat' dir='ltr'>legisse.</span> <span class='ocrx_word' id='word_1_11' title='bbox 1419 232 1491 271; x_wconf 85' lang='lat' dir='ltr'>Sed</span> 
     </span>
     <span class='ocr_line' id='line_1_3' title="bbox 254 292 1490 339; baseline -0.001 -9"><span class='ocrx_word' id='word_1_12' title='bbox 254 305 411 339; x_wconf 90' lang='lat' dir='ltr'>quanam</span> <span class='ocrx_word' id='word_1_13' title='bbox 430 304 542 330; x_wconf 85' lang='lat' dir='ltr'>causa</span> <span class='ocrx_word' id='word_1_14' title='bbox 562 294 783 333; x_wconf 84' lang='lat' dir='ltr'>adducimur,</span> <span class='ocrx_word' id='word_1_15' title='bbox 802 295 843 328; x_wconf 93' lang='lat' dir='ltr'>ut</span> <span class='ocrx_word' id='word_1_16' title='bbox 863 303 939 328; x_wconf 91' lang='lat' dir='ltr'>eam</span> <span class='ocrx_word' id='word_1_17' title='bbox 958 292 1101 328; x_wconf 84' lang='lat' dir='ltr'>Gemini</span> <span class='ocrx_word' id='word_1_18' title='bbox 1120 292 1287 328; x_wconf 88' lang='lat' dir='ltr'>sollertia</span> <span class='ocrx_word' id='word_1_19' title='bbox 1301 304 1490 329; x_wconf 78' lang='lat' dir='ltr'>excussam</span> 
     </span>
     <span class='ocr_line' id='line_1_4' title="bbox 253 351 1491 397; baseline -0.002 -7"><span class='ocrx_word' id='word_1_20' title='bbox 253 364 335 390; x_wconf 87' lang='lat' dir='ltr'>esse</span> <span class='ocrx_word' id='word_1_21' title='bbox 370 352 634 390; x_wconf 81' lang='lat' dir='ltr'>concedamus?</span> <span class='ocrx_word' id='word_1_22' title='bbox 690 351 826 389; x_wconf 86' lang='lat' dir='ltr'>Verbis</span> <span class='ocrx_word' id='word_1_23' title='bbox 861 351 951 387; x_wconf 89' lang='lat' dir='ltr'>nihil</span> <span class='ocrx_word' id='word_1_24' title='bbox 987 351 1163 397; x_wconf 85' lang='lat' dir='ltr'>cogimur!</span> <span class='ocrx_word' id='word_1_25' title='bbox 1220 351 1325 388; x_wconf 89' lang='lat' dir='ltr'>Alios</span> <span class='ocrx_word' id='word_1_26' title='bbox 1359 352 1491 389; x_wconf 89' lang='lat' dir='ltr'>saltem</span> 
     </span>
     <span class='ocr_line' id='line_1_5' title="bbox 252 411 1491 456; baseline -0.002 -7"><span class='ocrx_word' id='word_1_27' title='bbox 252 413 350 449; x_wconf 83' lang='lat' dir='ltr'>viros</span> <span class='ocrx_word' id='word_1_28' title='bbox 387 413 515 449; x_wconf 81' lang='lat' dir='ltr'>doctos</span> <span class='ocrx_word' id='word_1_29' title='bbox 558 413 673 448; x_wconf 88' lang='lat' dir='ltr'>eidem</span> <span class='ocrx_word' id='word_1_30' title='bbox 710 421 856 456; x_wconf 88' lang='lat' dir='ltr'>operam</span> <span class='ocrx_word' id='word_1_31' title='bbox 890 421 1047 447; x_wconf 86' lang='lat' dir='ltr'>navasse</span> <span class='ocrx_word' id='word_1_32' title='bbox 1085 412 1147 448; x_wconf 90' lang='lat' dir='ltr'>vel·</span> <span class='ocrx_word' id='word_1_33' title='bbox 1179 411 1311 456; x_wconf 86' lang='lat' dir='ltr'>plurali</span> <span class='ocrx_word' id='word_1_34' title='bbox 1344 422 1491 447; x_wconf 92' lang='lat' dir='ltr'>numero</span> 
     </span>
     <span class='ocr_line' id='line_1_6' title="bbox 253 464 1492 517; baseline -0.001 -10"><span class='ocrx_word' id='word_1_35' title='bbox 253 476 324 507; x_wconf 80' lang='grc' dir='ltr'>τῶν</span> <span class='ocrx_word' id='word_1_36' title='bbox 360 473 544 517; x_wconf 80' lang='grc' dir='ltr'><strong><em>νεωτέρων</em></strong></span> <span class='ocrx_word' id='word_1_37' title='bbox 581 469 662 512; x_wconf 76' lang='grc' dir='ltr'><strong><em>τοὺς</em></strong></span> <span class='ocrx_word' id='word_1_38' title='bbox 697 468 957 513; x_wconf 73' lang='grc' dir='ltr'><em>ἀποδείξαντας,</em></span> <span class='ocrx_word' id='word_1_39' title='bbox 993 466 1045 505; x_wconf 79' lang='grc' dir='ltr'>ὧν</span> <span class='ocrx_word' id='word_1_40' title='bbox 1069 464 1136 505; x_wconf 61' lang='grc' dir='ltr'>ἐδτι</span> <span class='ocrx_word' id='word_1_41' title='bbox 1162 473 1233 505; x_wconf 82' lang='grc' dir='ltr'>καὶ</span> <span class='ocrx_word' id='word_1_42' title='bbox 1261 474 1404 512; x_wconf 86' lang='grc' dir='ltr'><em>Γεμῖνος</em></span> <span class='ocrx_word' id='word_1_43' title='bbox 1430 481 1492 516; x_wconf 85' lang='lat' dir='ltr'>ap-</span> 
     </span>
     <span class='ocr_line' id='line_1_7' title="bbox 252 530 1491 578; baseline -0.002 -10"><span class='ocrx_word' id='word_1_44' title='bbox 252 535 371 576; x_wconf 87' lang='lat' dir='ltr'>paret.</span> <span class='ocrx_word' id='word_1_45' title='bbox 425 531 545 578; x_wconf 78' lang='lat' dir='ltr'>Quid?</span> <span class='ocrx_word' id='word_1_46' title='bbox 585 531 679 575; x_wconf 92' lang='lat' dir='ltr'>quod</span> <span class='ocrx_word' id='word_1_47' title='bbox 705 530 923 575; x_wconf 90' lang='lat' dir='ltr'>Apollonius</span> <span class='ocrx_word' id='word_1_48' title='bbox 948 531 1135 577; x_wconf 86' lang='lat' dir='ltr'>Pergaeus</span> <span class='ocrx_word' id='word_1_49' title='bbox 1172 531 1376 575; x_wconf 84' lang='lat' dir='ltr'>aequalium</span> <span class='ocrx_word' id='word_1_50' title='bbox 1402 531 1491 567; x_wconf 89' lang='lat' dir='ltr'>line-</span> 
     </span>
     <span class='ocr_line' id='line_1_8' title="bbox 253 589 1491 635; baseline -0.001 -9"><span class='ocrx_word' id='word_1_51' title='bbox 253 601 356 626; x_wconf 85' lang='lat' dir='ltr'>arum</span> <span class='ocrx_word' id='word_1_52' title='bbox 383 590 640 635; x_wconf 87' lang='lat' dir='ltr'>definitionem,</span> <span class='ocrx_word' id='word_1_53' title='bbox 667 589 811 634; x_wconf 89' lang='lat' dir='ltr'>qualem</span> <span class='ocrx_word' id='word_1_54' title='bbox 837 589 1011 625; x_wconf 83' lang='lat' dir='ltr'>Geminus</span> <span class='ocrx_word' id='word_1_55' title='bbox 1039 600 1068 625; x_wconf 93' lang='lat' dir='ltr'>e.</span> <span class='ocrx_word' id='word_1_56' title='bbox 1087 600 1120 635; x_wconf 92' lang='lat' dir='ltr'>g.</span> <span class='ocrx_word' id='word_1_57' title='bbox 1150 600 1233 635; x_wconf 86' lang='lat' dir='ltr'>pag.</span> <span class='ocrx_word' id='word_1_58' title='bbox 1253 592 1333 635; x_wconf 79' lang='lat'>201,</span> <span class='ocrx_word' id='word_1_59' title='bbox 1348 594 1386 622; x_wconf 83' lang='lat'>23</span> <span class='ocrx_word' id='word_1_60' title='bbox 1411 600 1491 634; x_wconf 88' lang='lat' dir='ltr'>pro-</span> 
     </span>
     <span class='ocr_line' id='line_1_9' title="bbox 253 645 1494 695; baseline -0.003 -8"><span class='ocrx_word' id='word_1_61' title='bbox 253 650 389 695; x_wconf 78' lang='lat' dir='ltr'>posuit,</span> <span class='ocrx_word' id='word_1_62' title='bbox 405 650 462 686; x_wconf 91' lang='lat' dir='ltr'>his</span> <span class='ocrx_word' id='word_1_63' title='bbox 476 650 589 687; x_wconf 87' lang='lat' dir='ltr'>ferme</span> <span class='ocrx_word' id='word_1_64' title='bbox 603 649 726 686; x_wconf 89' lang='lat' dir='ltr'>verbis</span> <span class='ocrx_word' id='word_1_65' title='bbox 742 659 947 694; x_wconf 87' lang='lat' dir='ltr'>expressam</span> <span class='ocrx_word' id='word_1_66' title='bbox 963 647 1101 694; x_wconf 76' lang='grc' dir='ltr'><em>γραμμὴ</em></span> <span class='ocrx_word' id='word_1_67' title='bbox 1115 647 1321 694; x_wconf 79' lang='grc' dir='ltr'><em>ὁμοιομερὴς</em></span> <span class='ocrx_word' id='word_1_68' title='bbox 1334 650 1435 691; x_wconf 79' lang='grc' dir='ltr'><em>ἐστιν,</em></span> <span class='ocrx_word' id='word_1_69' title='bbox 1456 645 1494 692; x_wconf 79' lang='grc' dir='ltr'>ἧς</span> 
     </span>
     <span class='ocr_line' id='line_1_10' title="bbox 253 707 1490 754; baseline 0.001 -12"><span class='ocrx_word' id='word_1_70' title='bbox 253 709 368 742; x_wconf 83' lang='grc' dir='ltr'><em>πάντα</em></span> <span class='ocrx_word' id='word_1_71' title='bbox 383 707 425 742; x_wconf 86' lang='grc' dir='ltr'>τὰ</span> <span class='ocrx_word' id='word_1_72' title='bbox 443 710 527 751; x_wconf 81' lang='grc' dir='ltr'><em>μέρη</em></span> <span class='ocrx_word' id='word_1_73' title='bbox 544 710 648 742; x_wconf 79' lang='grc' dir='ltr'><em>πᾶσιν</em></span> <span class='ocrx_word' id='word_1_74' title='bbox 665 707 846 750; x_wconf 74' lang='grc' dir='ltr'><em>ἐφαρμόζει</em></span> <span class='ocrx_word' id='word_1_75' title='bbox 865 707 956 742; x_wconf 72' lang='lat' dir='ltr'>satis</span> <span class='ocrx_word' id='word_1_76' title='bbox 975 709 1135 743; x_wconf 78' lang='lat' dir='ltr'>callebat</span> <span class='ocrx_word' id='word_1_77' title='bbox 1150 708 1209 754; x_wconf 64' lang='lat' dir='ltr'>(ef⁴</span> <span class='ocrx_word' id='word_1_78' title='bbox 1222 720 1302 754; x_wconf 83' lang='lat' dir='ltr'>pag.</span> <span class='ocrx_word' id='word_1_79' title='bbox 1316 713 1394 753; x_wconf 84' lang='lat'>105,</span> <span class='ocrx_word' id='word_1_80' title='bbox 1406 715 1426 741; x_wconf 91' lang='lat'>4</span> <span class='ocrx_word' id='word_1_81' title='bbox 1443 711 1490 752; x_wconf 84' lang='lat' dir='ltr'>S);</span> 
     </span>
     <span class='ocr_line' id='line_1_11' title="bbox 255 762 1492 815; baseline -0.002 -11"><span class='ocrx_word' id='word_1_82' title='bbox 255 768 350 812; x_wconf 88' lang='lat' dir='ltr'>quod</span> <span class='ocrx_word' id='word_1_83' title='bbox 389 767 532 815; x_wconf 89' lang='lat' dir='ltr'>librum,</span> <span class='ocrx_word' id='word_1_84' title='bbox 574 767 675 804; x_wconf 91' lang='lat' dir='ltr'>cuius</span> <span class='ocrx_word' id='word_1_85' title='bbox 714 762 988 811; x_wconf 84' lang='lat' dir='ltr'>inscriptionem</span> <span class='ocrx_word' id='word_1_86' title='bbox 1028 765 1096 813; x_wconf 83' lang='grc' dir='ltr'>(τὸ)</span> <span class='ocrx_word' id='word_1_87' title='bbox 1134 770 1209 810; x_wconf 81' lang='grc' dir='ltr'><em>περὶ</em></span> <span class='ocrx_word' id='word_1_88' title='bbox 1247 768 1312 801; x_wconf 83' lang='grc' dir='ltr'>τοῦ</span> <span class='ocrx_word' id='word_1_89' title='bbox 1349 770 1492 810; x_wconf 79' lang='grc' dir='ltr'><strong><em>κοχλίου</em></strong></span> 
     </span>
     <span class='ocr_line' id='line_1_12' title="bbox 257 826 1492 873; baseline 0.001 -12"><span class='ocrx_word' id='word_1_90' title='bbox 257 826 428 873; x_wconf 80' lang='grc' dir='ltr'>(γράμμα)</span> <span class='ocrx_word' id='word_1_91' title='bbox 463 827 639 863; x_wconf 85' lang='lat' dir='ltr'>Geminus</span> <span class='ocrx_word' id='word_1_92' title='bbox 673 826 751 871; x_wconf 91' lang='lat' dir='ltr'>ipse</span> <span class='ocrx_word' id='word_1_93' title='bbox 786 837 869 871; x_wconf 89' lang='lat' dir='ltr'>pag.</span> <span class='ocrx_word' id='word_1_94' title='bbox 892 830 1001 867; x_wconf 88' lang='lat'>105,6</span> <span class='ocrx_word' id='word_1_95' title='bbox 1027 827 1218 862; x_wconf 89' lang='lat' dir='ltr'>memoriae</span> <span class='ocrx_word' id='word_1_96' title='bbox 1245 827 1413 872; x_wconf 77' lang='lat' dir='ltr'>prodidit,</span> <span class='ocrx_word' id='word_1_97' title='bbox 1448 827 1492 862; x_wconf 91' lang='lat' dir='ltr'>de</span> 
     </span>
     <span class='ocr_line' id='line_1_13' title="bbox 253 884 1492 931; baseline 0.001 -11"><span class='ocrx_word' id='word_1_98' title='bbox 253 885 324 921; x_wconf 88' lang='lat' dir='ltr'>tali</span> <span class='ocrx_word' id='word_1_99' title='bbox 351 885 477 930; x_wconf 88' lang='lat' dir='ltr'>spirali</span> <span class='ocrx_word' id='word_1_100' title='bbox 503 885 720 930; x_wconf 83' lang='lat' dir='ltr'>composuit;</span> <span class='ocrx_word' id='word_1_101' title='bbox 758 885 851 929; x_wconf 91' lang='lat' dir='ltr'>quod</span> <span class='ocrx_word' id='word_1_102' title='bbox 877 884 972 920; x_wconf 91' lang='lat' dir='ltr'>idem</span> <span class='ocrx_word' id='word_1_103' title='bbox 998 886 1093 921; x_wconf 91' lang='lat' dir='ltr'>hanc</span> <span class='ocrx_word' id='word_1_104' title='bbox 1128 886 1299 931; x_wconf 92' lang='lat' dir='ltr'>spiralem</span> <span class='ocrx_word' id='word_1_105' title='bbox 1334 896 1414 922; x_wconf 91' lang='lat' dir='ltr'>esse</span> <span class='ocrx_word' id='word_1_106' title='bbox 1447 887 1492 921; x_wconf 94' lang='lat' dir='ltr'>ab</span> 
     </span>
     <span class='ocr_line' id='line_1_14' title="bbox 252 944 1493 990; baseline 0 -10"><span class='ocrx_word' id='word_1_107' title='bbox 252 944 348 980; x_wconf 90' lang='lat' dir='ltr'>omni</span> <span class='ocrx_word' id='word_1_108' title='bbox 376 947 485 989; x_wconf 88' lang='lat' dir='ltr'>parte</span> <span class='ocrx_word' id='word_1_109' title='bbox 521 945 721 989; x_wconf 88' lang='lat' dir='ltr'>aequalem,</span> <span class='ocrx_word' id='word_1_110' title='bbox 756 953 985 988; x_wconf 87' lang='lat' dir='ltr'>nequaquam</span> <span class='ocrx_word' id='word_1_111' title='bbox 1021 955 1101 981; x_wconf 91' lang='lat' dir='ltr'>esse</span> <span class='ocrx_word' id='word_1_112' title='bbox 1136 945 1333 990; x_wconf 88' lang='lat' dir='ltr'>simplicem</span> <span class='ocrx_word' id='word_1_113' title='bbox 1359 945 1493 981; x_wconf 91' lang='lat' dir='ltr'>lineam</span> 
     </span>
     <span class='ocr_line' id='line_1_15' title="bbox 253 1003 1490 1050; baseline -0.001 -10"><span class='ocrx_word' id='word_1_114' title='bbox 253 1004 532 1049; x_wconf 88' lang='lat' dir='ltr'>demonstravit,</span> <span class='ocrx_word' id='word_1_115' title='bbox 560 1015 648 1048; x_wconf 92' lang='lat' dir='ltr'>quas</span> <span class='ocrx_word' id='word_1_116' title='bbox 676 1003 911 1048; x_wconf 87' lang='lat' dir='ltr'>quaestiones</span> <span class='ocrx_word' id='word_1_117' title='bbox 938 1003 1075 1040; x_wconf 90' lang='lat' dir='ltr'>stoicus</span> <span class='ocrx_word' id='word_1_118' title='bbox 1102 1004 1272 1049; x_wconf 84' lang='lat' dir='ltr'>suscepit.</span> <span class='ocrx_word' id='word_1_119' title='bbox 1324 1003 1379 1041; x_wconf 80' lang='lat' dir='ltr'>Of.</span> <span class='ocrx_word' id='word_1_120' title='bbox 1407 1015 1490 1050; x_wconf 86' lang='lat' dir='ltr'>pag.</span> 
     </span>
     <span class='ocr_line' id='line_1_16' title="bbox 255 1062 1491 1109; baseline 0 -13"><span class='ocrx_word' id='word_1_121' title='bbox 255 1065 388 1108; x_wconf 86' lang='lat'>105,14</span> <span class='ocrx_word' id='word_1_122' title='bbox 407 1073 454 1098; x_wconf 91' lang='lat' dir='ltr'>ss.</span> <span class='ocrx_word' id='word_1_123' title='bbox 514 1063 603 1098; x_wconf 81' lang='lat' dir='ltr'>Cum</span> <span class='ocrx_word' id='word_1_124' title='bbox 631 1073 717 1098; x_wconf 91' lang='lat' dir='ltr'>vero</span> <span class='ocrx_word' id='word_1_125' title='bbox 743 1062 967 1097; x_wconf 90' lang='lat' dir='ltr'>recentiores</span> <span class='ocrx_word' id='word_1_126' title='bbox 995 1063 1043 1108; x_wconf 76' lang='grc' dir='ltr'>(οἱ</span> <span class='ocrx_word' id='word_1_127' title='bbox 1069 1064 1228 1106; x_wconf 79' lang='grc' dir='ltr'><em>νεώτεροι</em></span> <span class='ocrx_word' id='word_1_128' title='bbox 1254 1074 1336 1108; x_wconf 85' lang='lat' dir='ltr'>pag.</span> <span class='ocrx_word' id='word_1_129' title='bbox 1367 1064 1491 1109; x_wconf 82' lang='lat'>251‚2)</span> 
     </span>
     <span class='ocr_line' id='line_1_17' title="bbox 253 1121 1490 1167; baseline 0.001 -11"><span class='ocrx_word' id='word_1_130' title='bbox 253 1121 414 1166; x_wconf 83' lang='lat' dir='ltr'>Thaleti,</span> <span class='ocrx_word' id='word_1_131' title='bbox 451 1121 702 1166; x_wconf 88' lang='lat' dir='ltr'>philosophiae</span> <span class='ocrx_word' id='word_1_132' title='bbox 729 1122 767 1156; x_wconf 87' lang='lat' dir='ltr'>et</span> <span class='ocrx_word' id='word_1_133' title='bbox 792 1121 1079 1156; x_wconf 86' lang='lat' dir='ltr'>mathematicae</span> <span class='ocrx_word' id='word_1_134' title='bbox 1104 1121 1217 1166; x_wconf 89' lang='lat' dir='ltr'>patri,</span> <span class='ocrx_word' id='word_1_135' title='bbox 1254 1124 1490 1167; x_wconf 87' lang='lat' dir='ltr'>opponantur,</span> 
     </span>
     <span class='ocr_line' id='line_1_18' title="bbox 250 1179 1492 1224; baseline 0.001 -9"><span class='ocrx_word' id='word_1_136' title='bbox 250 1180 343 1215; x_wconf 91' lang='lat' dir='ltr'>nihil</span> <span class='ocrx_word' id='word_1_137' title='bbox 368 1180 530 1224; x_wconf 90' lang='lat' dir='ltr'>impedit,</span> <span class='ocrx_word' id='word_1_138' title='bbox 568 1180 755 1224; x_wconf 89' lang='lat' dir='ltr'>quominus</span> <span class='ocrx_word' id='word_1_139' title='bbox 781 1179 1017 1224; x_wconf 90' lang='lat' dir='ltr'>Apollonium</span> <span class='ocrx_word' id='word_1_140' title='bbox 1051 1180 1086 1215; x_wconf 92' lang='lat' dir='ltr'>in</span> <span class='ocrx_word' id='word_1_141' title='bbox 1124 1181 1177 1216; x_wconf 92' lang='lat' dir='ltr'>eis</span> <span class='ocrx_word' id='word_1_142' title='bbox 1213 1180 1394 1222; x_wconf 90' lang='lat' dir='ltr'>ducamus,</span> <span class='ocrx_word' id='word_1_143' title='bbox 1432 1181 1492 1224; x_wconf 92' lang='lat' dir='ltr'>qui</span> 
     </span>
     <span class='ocr_line' id='line_1_19' title="bbox 251 1238 1490 1282; baseline 0.002 -10"><span class='ocrx_word' id='word_1_144' title='bbox 251 1243 325 1272; x_wconf 77' lang='grc' dir='ltr'>τῶν</span> <span class='ocrx_word' id='word_1_145' title='bbox 359 1240 541 1282; x_wconf 75' lang='grc' dir='ltr'><em>νεωτέρων</em></span> <span class='ocrx_word' id='word_1_146' title='bbox 576 1240 608 1272; x_wconf 78' lang='grc' dir='ltr'>οἱ</span> <span class='ocrx_word' id='word_1_147' title='bbox 643 1238 886 1280; x_wconf 73' lang='grc' dir='ltr'><em>ἀποδείξαντες</em></span> <span class='ocrx_word' id='word_1_148' title='bbox 920 1238 1104 1282; x_wconf 73' lang='lat' dir='ltr'>dicuntur,</span> <span class='ocrx_word' id='word_1_149' title='bbox 1141 1248 1253 1282; x_wconf 85' lang='lat' dir='ltr'>quare</span> <span class='ocrx_word' id='word_1_150' title='bbox 1287 1239 1385 1274; x_wconf 86' lang='lat' dir='ltr'>haud</span> <span class='ocrx_word' id='word_1_151' title='bbox 1416 1239 1490 1274; x_wconf 81' lang='lat' dir='ltr'>seio</span> 
     </span>
     <span class='ocr_line' id='line_1_20' title="bbox 252 1296 1490 1343; baseline 0.001 -11"><span class='ocrx_word' id='word_1_152' title='bbox 252 1308 300 1333; x_wconf 90' lang='lat' dir='ltr'>an</span> <span class='ocrx_word' id='word_1_153' title='bbox 326 1298 394 1333; x_wconf 93' lang='lat' dir='ltr'>hoc</span> <span class='ocrx_word' id='word_1_154' title='bbox 430 1298 628 1343; x_wconf 87' lang='lat' dir='ltr'>theorema,</span> <span class='ocrx_word' id='word_1_155' title='bbox 665 1297 758 1342; x_wconf 84' lang='lat' dir='ltr'>quod</span> <span class='ocrx_word' id='word_1_156' title='bbox 792 1307 838 1332; x_wconf 91' lang='lat' dir='ltr'>ne</span> <span class='ocrx_word' id='word_1_157' title='bbox 873 1296 911 1332; x_wconf 92' lang='lat' dir='ltr'>in</span> <span class='ocrx_word' id='word_1_158' title='bbox 946 1296 1158 1332; x_wconf 82' lang='lat' dir='ltr'>difficillima</span> <span class='ocrx_word' id='word_1_159' title='bbox 1193 1297 1335 1341; x_wconf 89' lang='lat' dir='ltr'>quidem</span> <span class='ocrx_word' id='word_1_160' title='bbox 1361 1297 1490 1333; x_wconf 87' lang='lat' dir='ltr'>referri</span> 
     </span>
     <span class='ocr_line' id='line_1_21' title="bbox 250 1355 1490 1402; baseline 0 -11"><span class='ocrx_word' id='word_1_161' title='bbox 250 1358 386 1400; x_wconf 87' lang='lat' dir='ltr'>potest,</span> <span class='ocrx_word' id='word_1_162' title='bbox 414 1356 535 1400; x_wconf 91' lang='lat' dir='ltr'>potius</span> <span class='ocrx_word' id='word_1_163' title='bbox 553 1357 719 1402; x_wconf 91' lang='lat' dir='ltr'>Pergaeo</span> <span class='ocrx_word' id='word_1_164' title='bbox 738 1355 968 1391; x_wconf 89' lang='lat' dir='ltr'>tribuendum</span> <span class='ocrx_word' id='word_1_165' title='bbox 987 1355 1048 1391; x_wconf 91' lang='lat' dir='ltr'>sit.</span> <span class='ocrx_word' id='word_1_166' title='bbox 1101 1355 1266 1399; x_wconf 90' lang='lat' dir='ltr'>Denique</span> <span class='ocrx_word' id='word_1_167' title='bbox 1293 1356 1490 1391; x_wconf 89' lang='lat' dir='ltr'>tenendum</span> 
     </span>
     <span class='ocr_line' id='line_1_22' title="bbox 252 1414 1489 1461; baseline -0.001 -10"><span class='ocrx_word' id='word_1_168' title='bbox 252 1418 310 1451; x_wconf 90' lang='lat' dir='ltr'>est</span> <span class='ocrx_word' id='word_1_169' title='bbox 336 1415 374 1451; x_wconf 88' lang='lat' dir='ltr'>id</span> <span class='ocrx_word' id='word_1_170' title='bbox 399 1425 471 1451; x_wconf 91' lang='lat' dir='ltr'>non</span> <span class='ocrx_word' id='word_1_171' title='bbox 498 1426 563 1451; x_wconf 88' lang='lat' dir='ltr'>sua</span> <span class='ocrx_word' id='word_1_172' title='bbox 590 1415 705 1461; x_wconf 89' lang='lat' dir='ltr'>ipsius</span> <span class='ocrx_word' id='word_1_173' title='bbox 734 1425 846 1451; x_wconf 89' lang='lat' dir='ltr'>causa</span> <span class='ocrx_word' id='word_1_174' title='bbox 865 1414 996 1460; x_wconf 84' lang='lat' dir='ltr'>afferri,</span> <span class='ocrx_word' id='word_1_175' title='bbox 1024 1414 1088 1450; x_wconf 87' lang='lat' dir='ltr'>sed</span> <span class='ocrx_word' id='word_1_176' title='bbox 1106 1425 1147 1450; x_wconf 93' lang='lat' dir='ltr'>eo</span> <span class='ocrx_word' id='word_1_177' title='bbox 1172 1414 1321 1451; x_wconf 85' lang='lat' dir='ltr'>consilio</span> <span class='ocrx_word' id='word_1_178' title='bbox 1348 1415 1489 1461; x_wconf 82' lang='lat' dir='ltr'>respici,</span> 
     </span>
     <span class='ocr_line' id='line_1_23' title="bbox 251 1474 1489 1520; baseline 0.001 -10"><span class='ocrx_word' id='word_1_179' title='bbox 251 1478 293 1510; x_wconf 93' lang='lat' dir='ltr'>ut</span> <span class='ocrx_word' id='word_1_180' title='bbox 308 1475 585 1520; x_wconf 85' lang='lat' dir='ltr'>demonstretur,</span> <span class='ocrx_word' id='word_1_181' title='bbox 605 1478 692 1519; x_wconf 90' lang='lat' dir='ltr'>quot</span> <span class='ocrx_word' id='word_1_182' title='bbox 707 1475 824 1510; x_wconf 88' lang='lat' dir='ltr'>lineae</span> <span class='ocrx_word' id='word_1_183' title='bbox 844 1485 889 1510; x_wconf 89' lang='lat' dir='ltr'>ex</span> <span class='ocrx_word' id='word_1_184' title='bbox 904 1475 998 1510; x_wconf 91' lang='lat' dir='ltr'>omni</span> <span class='ocrx_word' id='word_1_185' title='bbox 1015 1476 1121 1519; x_wconf 89' lang='lat' dir='ltr'>parte</span> <span class='ocrx_word' id='word_1_186' title='bbox 1139 1474 1313 1518; x_wconf 88' lang='lat' dir='ltr'>aequales</span> <span class='ocrx_word' id='word_1_187' title='bbox 1332 1478 1489 1511; x_wconf 82' lang='lat' dir='ltr'>exstent.</span> 
     </span>
    </p>

    <p class='ocr_par' dir='ltr' id='par_1_3' title="bbox 247 1532 1490 2161">
     <span class='ocr_line' id='line_1_24' title="bbox 351 1532 1490 1578; baseline 0 -10"><span class='ocrx_word' id='word_1_188' title='bbox 351 1532 489 1578; x_wconf 74' lang='lat' dir='ltr'>Quibus</span> <span class='ocrx_word' id='word_1_189' title='bbox 516 1535 624 1570; x_wconf 91' lang='lat' dir='ltr'>rebus</span> <span class='ocrx_word' id='word_1_190' title='bbox 653 1533 830 1578; x_wconf 86' lang='lat' dir='ltr'>expositis</span> <span class='ocrx_word' id='word_1_191' title='bbox 847 1533 905 1569; x_wconf 87' lang='lat' dir='ltr'>vis</span> <span class='ocrx_word' id='word_1_192' title='bbox 925 1532 1196 1576; x_wconf 86' lang='lat' dir='ltr'>auctoritasque</span> <span class='ocrx_word' id='word_1_193' title='bbox 1219 1532 1324 1568; x_wconf 92' lang='lat' dir='ltr'>huius</span> <span class='ocrx_word' id='word_1_194' title='bbox 1347 1533 1419 1568; x_wconf 90' lang='lat' dir='ltr'>loci</span> <span class='ocrx_word' id='word_1_195' title='bbox 1435 1533 1490 1569; x_wconf 90' lang='lat' dir='ltr'>ita</span> 
     </span>
     <span class='ocr_line' id='line_1_25' title="bbox 250 1591 1489 1638; baseline 0 -10"><span class='ocrx_word' id='word_1_196' title='bbox 250 1591 475 1638; x_wconf 83' lang='lat' dir='ltr'>infringitur,</span> <span class='ocrx_word' id='word_1_197' title='bbox 511 1596 553 1628; x_wconf 93' lang='lat' dir='ltr'>ut</span> <span class='ocrx_word' id='word_1_198' title='bbox 579 1603 683 1628; x_wconf 93' lang='lat' dir='ltr'>nemo</span> <span class='ocrx_word' id='word_1_199' title='bbox 717 1591 790 1628; x_wconf 92' lang='lat' dir='ltr'>iam</span> <span class='ocrx_word' id='word_1_200' title='bbox 818 1602 859 1628; x_wconf 92' lang='lat' dir='ltr'>eo</span> <span class='ocrx_word' id='word_1_201' title='bbox 885 1591 1002 1628; x_wconf 73' lang='lat' dir='ltr'>fretus</span> <span class='ocrx_word' id='word_1_202' title='bbox 1033 1591 1131 1627; x_wconf 84' lang='lat' dir='ltr'>illam</span> <span class='ocrx_word' id='word_1_203' title='bbox 1158 1591 1441 1637; x_wconf 88' lang='lat' dir='ltr'>propositionem</span> <span class='ocrx_word' id='word_1_204' title='bbox 1467 1603 1489 1628; x_wconf 88' lang='lat' dir='ltr'>a</span> 
     </span>
     <span class='ocr_line' id='line_1_26' title="bbox 251 1650 1489 1695; baseline -0.002 -7"><span class='ocrx_word' id='word_1_205' title='bbox 251 1651 405 1688; x_wconf 86' lang='lat' dir='ltr'>Gemino</span> <span class='ocrx_word' id='word_1_206' title='bbox 440 1652 627 1688; x_wconf 86' lang='lat' dir='ltr'>inventam</span> <span class='ocrx_word' id='word_1_207' title='bbox 667 1661 747 1687; x_wconf 90' lang='lat' dir='ltr'>esse</span> <span class='ocrx_word' id='word_1_208' title='bbox 787 1651 973 1686; x_wconf 85' lang='lat' dir='ltr'>affirmare</span> <span class='ocrx_word' id='word_1_209' title='bbox 1008 1650 1134 1695; x_wconf 88' lang='lat' dir='ltr'>possit.</span> <span class='ocrx_word' id='word_1_210' title='bbox 1204 1650 1343 1686; x_wconf 83' lang='lat' dir='ltr'>Contra</span> <span class='ocrx_word' id='word_1_211' title='bbox 1377 1652 1489 1686; x_wconf 92' lang='lat' dir='ltr'>multo</span> 
     </span>
     <span class='ocr_line' id='line_1_27' title="bbox 249 1709 1489 1755; baseline -0.001 -9"><span class='ocrx_word' id='word_1_212' title='bbox 249 1710 328 1746; x_wconf 86' lang='lat' dir='ltr'>veri</span> <span class='ocrx_word' id='word_1_213' title='bbox 348 1709 499 1746; x_wconf 85' lang='lat' dir='ltr'>similius</span> <span class='ocrx_word' id='word_1_214' title='bbox 526 1713 585 1746; x_wconf 89' lang='lat' dir='ltr'>est</span> <span class='ocrx_word' id='word_1_215' title='bbox 604 1720 681 1746; x_wconf 91' lang='lat' dir='ltr'>eum</span> <span class='ocrx_word' id='word_1_216' title='bbox 702 1710 796 1745; x_wconf 92' lang='lat' dir='ltr'>hanc</span> <span class='ocrx_word' id='word_1_217' title='bbox 824 1720 963 1754; x_wconf 91' lang='lat' dir='ltr'>quoque</span> <span class='ocrx_word' id='word_1_218' title='bbox 982 1710 1028 1745; x_wconf 92' lang='lat' dir='ltr'>ab</span> <span class='ocrx_word' id='word_1_219' title='bbox 1048 1709 1110 1755; x_wconf 88' lang='lat' dir='ltr'>eis,</span> <span class='ocrx_word' id='word_1_220' title='bbox 1138 1709 1196 1754; x_wconf 91' lang='lat' dir='ltr'>qui</span> <span class='ocrx_word' id='word_1_221' title='bbox 1216 1720 1303 1746; x_wconf 87' lang='lat' dir='ltr'>vere</span> <span class='ocrx_word' id='word_1_222' title='bbox 1321 1710 1489 1746; x_wconf 88' lang='lat' dir='ltr'>sollertes</span> 
     </span>
     <span class='ocr_line' id='line_1_28' title="bbox 250 1769 1489 1814; baseline 0 -9"><span class='ocrx_word' id='word_1_223' title='bbox 250 1769 505 1805; x_wconf 87' lang='lat' dir='ltr'>mathematici</span> <span class='ocrx_word' id='word_1_224' title='bbox 539 1769 699 1810; x_wconf 77' lang='lat' dir='ltr'>fuerunt,</span> <span class='ocrx_word' id='word_1_225' title='bbox 734 1769 919 1814; x_wconf 85' lang='lat' dir='ltr'>recepisse</span> <span class='ocrx_word' id='word_1_226' title='bbox 955 1772 1065 1813; x_wconf 91' lang='lat' dir='ltr'>atque</span> <span class='ocrx_word' id='word_1_227' title='bbox 1100 1769 1147 1804; x_wconf 88' lang='lat' dir='ltr'>ad</span> <span class='ocrx_word' id='word_1_228' title='bbox 1182 1779 1285 1805; x_wconf 90' lang='lat' dir='ltr'>suam</span> <span class='ocrx_word' id='word_1_229' title='bbox 1310 1770 1489 1806; x_wconf 89' lang='lat' dir='ltr'>rationem</span> 
     </span>
     <span class='ocr_line' id='line_1_29' title="bbox 250 1827 1487 1869; baseline 0.001 -5"><span class='ocrx_word' id='word_1_230' title='bbox 250 1828 461 1869; x_wconf 88' lang='lat' dir='ltr'>contulisse,</span> <span class='ocrx_word' id='word_1_231' title='bbox 499 1828 594 1864; x_wconf 92' lang='lat' dir='ltr'>sicut</span> <span class='ocrx_word' id='word_1_232' title='bbox 630 1828 664 1864; x_wconf 90' lang='lat' dir='ltr'>ei</span> <span class='ocrx_word' id='word_1_233' title='bbox 695 1828 812 1864; x_wconf 79' lang='lat' dir='ltr'>visum</span> <span class='ocrx_word' id='word_1_234' title='bbox 848 1831 915 1864; x_wconf 91' lang='lat' dir='ltr'>est.</span> <span class='ocrx_word' id='word_1_235' title='bbox 969 1827 1059 1864; x_wconf 86' lang='lat' dir='ltr'>Cum</span> <span class='ocrx_word' id='word_1_236' title='bbox 1096 1831 1217 1864; x_wconf 87' lang='lat' dir='ltr'>autem</span> <span class='ocrx_word' id='word_1_237' title='bbox 1250 1828 1389 1864; x_wconf 86' lang='lat' dir='ltr'>Cantor</span> <span class='ocrx_word' id='word_1_238' title='bbox 1424 1829 1487 1866; x_wconf 94' lang='lat' dir='ltr'>l.l.</span> 
     </span>
     <span class='ocr_line' id='line_1_30' title="bbox 251 1887 1489 1932; baseline 0.002 -11"><span class='ocrx_word' id='word_1_239' title='bbox 251 1897 333 1932; x_wconf 87' lang='lat' dir='ltr'>pag.</span> <span class='ocrx_word' id='word_1_240' title='bbox 359 1890 428 1921; x_wconf 87' lang='lat'>382</span> <span class='ocrx_word' id='word_1_241' title='bbox 465 1887 590 1923; x_wconf 90' lang='lat' dir='ltr'>mirari</span> <span class='ocrx_word' id='word_1_242' title='bbox 623 1887 794 1924; x_wconf 86' lang='lat' dir='ltr'>videatur</span> <span class='ocrx_word' id='word_1_243' title='bbox 827 1898 899 1923; x_wconf 91' lang='lat' dir='ltr'>non</span> <span class='ocrx_word' id='word_1_244' title='bbox 933 1887 1015 1932; x_wconf 89' lang='lat' dir='ltr'>plus</span> <span class='ocrx_word' id='word_1_245' title='bbox 1047 1898 1154 1923; x_wconf 87' lang='lat' dir='ltr'>unum</span> <span class='ocrx_word' id='word_1_246' title='bbox 1190 1887 1267 1923; x_wconf 85' lang='lat' dir='ltr'>eius</span> <span class='ocrx_word' id='word_1_247' title='bbox 1301 1888 1489 1923; x_wconf 90' lang='lat' dir='ltr'>theorema</span> 
     </span>
     <span class='ocr_line' id='line_1_31' title="bbox 251 1945 1489 1991; baseline 0 -10"><span class='ocrx_word' id='word_1_248' title='bbox 251 1948 438 1982; x_wconf 89' lang='lat' dir='ltr'>servatum</span> <span class='ocrx_word' id='word_1_249' title='bbox 465 1956 555 1991; x_wconf 92' lang='lat' dir='ltr'>esse,</span> <span class='ocrx_word' id='word_1_250' title='bbox 582 1946 746 1990; x_wconf 88' lang='lat' dir='ltr'>equidem</span> <span class='ocrx_word' id='word_1_251' title='bbox 764 1946 917 1981; x_wconf 90' lang='lat' dir='ltr'>moleste</span> <span class='ocrx_word' id='word_1_252' title='bbox 944 1945 1030 1991; x_wconf 80' lang='lat' dir='ltr'>iero,</span> <span class='ocrx_word' id='word_1_253' title='bbox 1062 1946 1156 1989; x_wconf 92' lang='lat' dir='ltr'>quod</span> <span class='ocrx_word' id='word_1_254' title='bbox 1181 1956 1226 1981; x_wconf 91' lang='lat' dir='ltr'>ne</span> <span class='ocrx_word' id='word_1_255' title='bbox 1252 1947 1319 1981; x_wconf 91' lang='lat' dir='ltr'>hoc</span> <span class='ocrx_word' id='word_1_256' title='bbox 1346 1946 1489 1990; x_wconf 88' lang='lat' dir='ltr'>quidem</span> 
     </span>
     <span class='ocr_line' id='line_1_32' title="bbox 248 2004 1488 2050; baseline 0.001 -10"><span class='ocrx_word' id='word_1_257' title='bbox 248 2005 347 2040; x_wconf 90' lang='lat' dir='ltr'>illius</span> <span class='ocrx_word' id='word_1_258' title='bbox 373 2016 455 2041; x_wconf 90' lang='lat' dir='ltr'>esse</span> <span class='ocrx_word' id='word_1_259' title='bbox 471 2005 551 2041; x_wconf 88' lang='lat' dir='ltr'>viro</span> <span class='ocrx_word' id='word_1_260' title='bbox 571 2005 781 2041; x_wconf 87' lang='lat' dir='ltr'>doctissimo</span> <span class='ocrx_word' id='word_1_261' title='bbox 805 2005 1002 2041; x_wconf 86' lang='lat' dir='ltr'>concedere</span> <span class='ocrx_word' id='word_1_262' title='bbox 1020 2015 1177 2050; x_wconf 89' lang='lat' dir='ltr'>possum.</span> <span class='ocrx_word' id='word_1_263' title='bbox 1231 2004 1304 2041; x_wconf 87' lang='lat' dir='ltr'>Sed</span> <span class='ocrx_word' id='word_1_264' title='bbox 1329 2006 1396 2041; x_wconf 93' lang='lat' dir='ltr'>hoc</span> <span class='ocrx_word' id='word_1_265' title='bbox 1415 2005 1488 2041; x_wconf 87' lang='lat' dir='ltr'>Ge-</span> 
     </span>
     <span class='ocr_line' id='line_1_33' title="bbox 250 2063 1488 2114; baseline 0.001 -15"><span class='ocrx_word' id='word_1_266' title='bbox 250 2063 339 2099; x_wconf 90' lang='lat' dir='ltr'>mini</span> <span class='ocrx_word' id='word_1_267' title='bbox 364 2064 510 2110; x_wconf 88' lang='lat' dir='ltr'>ingenio</span> <span class='ocrx_word' id='word_1_268' title='bbox 538 2068 650 2109; x_wconf 90' lang='lat' dir='ltr'>atque</span> <span class='ocrx_word' id='word_1_269' title='bbox 668 2065 863 2110; x_wconf 86' lang='lat' dir='ltr'>voluntati,</span> <span class='ocrx_word' id='word_1_270' title='bbox 888 2074 960 2100; x_wconf 92' lang='lat' dir='ltr'>non</span> <span class='ocrx_word' id='word_1_271' title='bbox 985 2069 1185 2114; x_wconf 86' lang='lat' dir='ltr'>temporum</span> <span class='ocrx_word' id='word_1_272' title='bbox 1211 2064 1401 2108; x_wconf 89' lang='lat' dir='ltr'>iniquitati</span> <span class='ocrx_word' id='word_1_273' title='bbox 1425 2065 1488 2100; x_wconf 87' lang='lat' dir='ltr'>tri-</span> 
     </span>
     <span class='ocr_line' id='line_1_34' title="bbox 247 2124 521 2161; baseline 0 -1"><span class='ocrx_word' id='word_1_274' title='bbox 247 2124 427 2160; x_wconf 90' lang='lat' dir='ltr'>buendum</span> <span class='ocrx_word' id='word_1_275' title='bbox 453 2127 521 2161; x_wconf 90' lang='lat' dir='ltr'>est.</span> 
     </span>
    </p>

    <p class='ocr_par' dir='ltr' id='par_1_4' title="bbox 246 2183 1487 2349">
     <span class='ocr_line' id='line_1_35' title="bbox 347 2183 1486 2229; baseline -0.002 -9"><span class='ocrx_word' id='word_1_276' title='bbox 347 2183 478 2228; x_wconf 88' lang='lat' dir='ltr'>Neque</span> <span class='ocrx_word' id='word_1_277' title='bbox 503 2194 591 2221; x_wconf 84' lang='lat' dir='ltr'>vero</span> <span class='ocrx_word' id='word_1_278' title='bbox 618 2184 655 2219; x_wconf 88' lang='lat' dir='ltr'>id</span> <span class='ocrx_word' id='word_1_279' title='bbox 688 2184 721 2220; x_wconf 93' lang='lat' dir='ltr'>ei</span> <span class='ocrx_word' id='word_1_280' title='bbox 748 2195 855 2228; x_wconf 90' lang='lat' dir='ltr'>quam</span> <span class='ocrx_word' id='word_1_281' title='bbox 889 2184 1023 2228; x_wconf 86' lang='lat' dir='ltr'>protuli</span> <span class='ocrx_word' id='word_1_282' title='bbox 1059 2183 1263 2220; x_wconf 88' lang='lat' dir='ltr'>sententiae</span> <span class='ocrx_word' id='word_1_283' title='bbox 1296 2186 1486 2229; x_wconf 87' lang='lat' dir='ltr'>repugnat,</span> 
     </span>
     <span class='ocr_line' id='line_1_36' title="bbox 250 2241 1487 2289; baseline 0 -10"><span class='ocrx_word' id='word_1_284' title='bbox 250 2243 345 2287; x_wconf 88' lang='lat' dir='ltr'>quod</span> <span class='ocrx_word' id='word_1_285' title='bbox 363 2244 511 2288; x_wconf 90' lang='lat' dir='ltr'>Pappus</span> <span class='ocrx_word' id='word_1_286' title='bbox 530 2244 684 2280; x_wconf 90' lang='lat' dir='ltr'>stoicum</span> <span class='ocrx_word' id='word_1_287' title='bbox 702 2244 845 2279; x_wconf 90' lang='lat' dir='ltr'>nomine</span> <span class='ocrx_word' id='word_1_288' title='bbox 864 2241 884 2277; x_wconf 85' lang='grc' dir='ltr'>ὁ</span> <span class='ocrx_word' id='word_1_289' title='bbox 901 2242 1140 2287; x_wconf 79' lang='grc' dir='ltr'><em>μαθηματικὸς</em></span> <span class='ocrx_word' id='word_1_290' title='bbox 1155 2254 1239 2289; x_wconf 88' lang='lat' dir='ltr'>pag.</span> <span class='ocrx_word' id='word_1_291' title='bbox 1263 2245 1366 2288; x_wconf 81' lang='lat'>1026,</span> <span class='ocrx_word' id='word_1_292' title='bbox 1379 2247 1397 2276; x_wconf 91' lang='lat'>8</span> <span class='ocrx_word' id='word_1_293' title='bbox 1415 2243 1487 2279; x_wconf 88' lang='grc' dir='ltr'><strong>Η11.</strong></span> 
     </span>
     <span class='ocr_line' id='line_1_37' title="bbox 246 2302 1487 2349; baseline -0.002 -11"><span class='ocrx_word' id='word_1_294' title='bbox 246 2302 457 2348; x_wconf 82' lang='lat' dir='ltr'>insignivit3</span> <span class='ocrx_word' id='word_1_295' title='bbox 495 2313 578 2339; x_wconf 90' lang='lat' dir='ltr'>nam</span> <span class='ocrx_word' id='word_1_296' title='bbox 609 2303 763 2349; x_wconf 89' lang='lat' dir='ltr'>primum</span> <span class='ocrx_word' id='word_1_297' title='bbox 791 2303 848 2340; x_wconf 89' lang='lat' dir='ltr'>vis</span> <span class='ocrx_word' id='word_1_298' title='bbox 873 2305 1112 2349; x_wconf 88' lang='lat' dir='ltr'>potestasque</span> <span class='ocrx_word' id='word_1_299' title='bbox 1137 2302 1307 2340; x_wconf 85' lang='lat' dir='ltr'>vocabuli</span> <span class='ocrx_word' id='word_1_300' title='bbox 1330 2305 1487 2346; x_wconf 78' lang='grc' dir='ltr'><em>μαθημα-</em></span> 
     </span>
    </p>
   </div>
  </div>
 </body>
</html>
