1721 2633
745 98 984 129 —54-

247 194 290 230 ἂν
321 194 370 239 εἴη
401 193 443 229 τὸ
476 191 759 238 προβληματικὸν
793 194 901 237 γένος,
924 183 981 230 ⁴et
1015 204 1096 240 pag.
1130 197 1240 241 242,1
1272 205 1289 231 S
1321 198 1361 239 τῇ
1391 192 1483 237 τάξει

244 254 419 299 πρότερον
445 252 487 288 τὸ
512 253 796 298 προβληματικὸν
815 255 914 296 γένος
938 253 1026 287 εἶναι’
1041 263 1120 296 φησι
1146 255 1220 288 τῶν
1244 254 1482 299 θεωρημάτων

244 313 335 359 (scil.
357 312 376 347 ὃ
404 313 570 356 Κάρπος.)

342 373 482 409 Iterum
509 371 645 416 aliquid
672 371 805 408 lucrati
832 382 963 416 sumuS,
995 371 1089 415 quod
1115 371 1163 407 ad
1181 371 1328 408 Gemini
1352 373 1482 409 librum

243 434 347 466 recte
379 430 645 475 depingendum
680 430 803 475 magni
838 430 1009 465 momenti
1043 432 1116 465 est:
1153 440 1197 465 ex
1228 431 1351 465 multis
1384 431 1481 476 frag-

244 489 391 534 mentis,
418 498 511 533 quae
543 488 587 523 de
605 487 720 524 variis
740 490 851 532 atque
870 487 1024 524 diversis
1041 489 1150 523 rebus
1168 490 1263 534 sunt,
1289 488 1482 526 manifesto

245 548 432 594 colligitur
450 547 643 585 Geminum
662 557 809 592 operam
828 547 982 592 dedisse,
1013 550 1055 583 ut
1082 557 1162 583 eum
1180 547 1351 592 ordinem,
1379 559 1483 592 quem

243 619 326 654 pag.
354 610 410 653 26,
424 612 462 640 24
487 617 524 642 ss
545 606 768 652 generaliter
792 606 995 651 descripsit,
1022 616 1152 651 reapse
1178 606 1214 642 in
1242 609 1321 642 arte
1344 608 1482 643 mathe-

246 667 383 702 matica
409 666 536 702 valere
564 665 841 701 demonstraret.
894 665 963 700 Ille
990 665 1103 710 igitur
1118 676 1198 701 -non
1235 676 1306 702 una
1340 668 1482 702 tantum

243 725 327 761 libri
353 725 537 770 particula
565 724 664 770 (pag.
694 727 801 768 26,10
829 726 890 768 ss.)
909 723 1094 759 notionem
1122 722 1141 767 ἡ
1168 728 1239 759 τῶν
1264 724 1482 768 μαθημάτων

244 785 338 827 τάξις
356 786 486 820 contra
505 784 775 819 obtrectatores
794 782 1076 819 mathematicae
1094 783 1282 829 indicavit,
1313 784 1378 820 sed
1403 786 1481 820 toto

244 844 337 879 libro
349 842 622 879 criminationes
637 843 682 877 ab
693 842 886 886 Epicureis
901 842 1144 886 scepticisque
1158 843 1292 878 allatas
1306 843 1482 887 repellere

245 902 397 947 studuit,
423 904 465 937 ut
481 901 634 937 Proclus
653 901 731 937 eius
751 901 1019 947 disputationes
1039 911 1102 938 suo
1120 901 1198 937 iure
1223 911 1398 947 responsa
1416 913 1481 948 pro

244 961 431 1006 principiis
446 960 495 1007 (αἱ
510 960 594 1004 ὑπὲρ
609 965 680 995 τῶν
695 961 815 1004 ἀρχῶν
829 959 1016 1003 ἀντιλογίαι
1030 972 1113 1006 pag.
1126 964 1208 1002 200,
1223 961 1257 1007 4)
1267 961 1481 997 nominaret.

344 1020 449 1066 Quod
476 1020 508 1056 si
532 1022 672 1055 rectum
698 1022 767 1059 est,
794 1019 1003 1055 necessario
1023 1019 1264 1063 consequitur,
1291 1022 1333 1055 ut
1359 1030 1482 1055 omnes

243 1078 432 1124 reliquiae,
460 1078 497 1114 in
516 1078 645 1123 quibus
671 1077 763 1114 illud
780 1077 968 1114 consilium
985 1078 1238 1124 perspiciatur,
1266 1077 1311 1114 ad
1331 1079 1481 1115 eundem

246 1138 393 1175 Gemini
418 1137 550 1173 librum
575 1137 797 1182 relegandae
825 1137 909 1182 sint,
940 1138 1089 1173 tametsi
1115 1148 1174 1173 res
1204 1149 1297 1182 quae
1323 1140 1483 1183 aguntur

244 1207 289 1233 ex
307 1196 463 1233 diversis
481 1196 736 1233 mathematici
753 1196 948 1241 provinciis
966 1196 1109 1241 petitae
1135 1196 1218 1233 sint.
1257 1197 1331 1234 Sed
1348 1197 1481 1242 pleros-

244 1267 313 1301 que
344 1256 443 1292 locos
475 1256 625 1292 eundem
657 1256 694 1291 in
725 1256 865 1292 modum
899 1256 1143 1292 conformatos
1176 1267 1256 1292 esse
1288 1259 1340 1292 et-
1353 1267 1418 1301 per
1443 1267 1483 1292 se

243 1318 351 1361 patet
377 1318 416 1351 et
442 1315 588 1360 saepius
615 1314 743 1350 monui.

343 1374 467 1421 Quare
502 1385 744 1421 recognoscas
780 1385 859 1410 eam
895 1374 993 1411 viam
1029 1376 1140 1419 atque
1178 1374 1375 1417 rationem,
1412 1386 1484 1420 qua

246 1434 392 1472 Gemini
406 1434 614 1479 fragmenta
628 1434 849 1479 indagantes
862 1433 1020 1480 ingressi
1034 1444 1164 1469 sumus.
1190 1434 1270 1469 Iam
1289 1434 1482 1480 intelleges

243 1505 288 1530 ea
322 1504 393 1529 non
428 1496 566 1530 temere
594 1495 825 1538 coacervata,
861 1493 927 1529 sed
953 1493 1147 1529 secundum
1174 1496 1386 1530 accuratam
1413 1494 1481 1529 dis-

244 1553 462 1599 positionem
488 1564 573 1599 pag.
606 1556 647 1587 16
676 1564 692 1589 s
719 1552 940 1598 propositam
967 1552 1042 1588 suis
1068 1553 1157 1588 locis
1184 1553 1364 1589 collocata
1390 1563 1482 1600 esse,

243 1616 285 1650 ut
312 1612 420 1649 facile
447 1612 565 1648 animo
593 1612 662 1648 tibi
680 1612 944 1658 informaveris,
976 1623 1082 1656 quam
1102 1612 1283 1648 rationem
1310 1615 1481 1658 spectans

245 1672 419 1711 Geminus
456 1672 602 1719 singula
637 1683 706 1708 uno
744 1683 850 1717 opere
882 1672 1143 1708 mathematico
1178 1672 1384 1717 complexus
1421 1674 1481 1709 sit.

344 1733 416 1769 Sed
443 1743 524 1768 cum
550 1732 651 1767 illam
673 1731 900 1776 ‚,eutaxiam“
922 1732 1069 1776 planam
1096 1731 1218 1768 facere
1236 1732 1410 1778 studeret,
1437 1743 1482 1768 ne

228 1792 364 1837 potuit
384 1791 528 1836 quidem
546 1792 656 1827 ullam
674 1792 858 1828 notionem
882 1791 1183 1827 mathematicam
1200 1792 1396 1837 neglegere
1422 1793 1483 1829 vel

245 1851 427 1895 omittere,
457 1850 522 1886 sed
540 1861 661 1886 omnes
686 1850 858 1895 colligere
886 1852 995 1893 atque
1023 1850 1134 1886 certis
1151 1850 1315 1886 terminis
1334 1850 1482 1886 definire

245 1909 378 1954 debuit,
407 1919 499 1954 quas
526 1908 656 1945 deinde
687 1909 873 1945 ordinaret
899 1911 1010 1953 atque
1038 1909 1256 1955 disponeret.
1310 1909 1481 1947 Profecto

244 1969 304 2006 vel
332 1980 376 2004 ex
402 1969 455 2005 eis
482 1979 576 2013 quae
609 1971 803 2013 supersunt
821 1968 1039 2014 fragmentis
1065 1979 1233 2015 magnam
1260 1969 1481 2005 varietatem

243 2038 362 2064 rerum
399 2038 488 2072 quas
520 2027 702 2064 tractavit
728 2028 933 2073 perspicere
969 2027 1067 2064 licet.
1110 2027 1170 2065 Sic
1195 2031 1313 2065 totam
1338 2039 1481 2075 geome-

244 2088 343 2125 triae
377 2088 598 2133 provinciam
626 2088 844 2134 percensuit,
878 2098 1000 2124 omnes
1028 2088 1194 2125 notiones
1221 2092 1395 2125 accurate
1422 2089 1482 2124 de-

245 2147 405 2194 scripsit,
424 2151 547 2192 aptam
563 2151 675 2192 atque
691 2150 947 2194 congruentem
962 2147 1235 2192 dispositionem
1256 2147 1480 2193 explanavit.

342 2207 471 2252 Neque
501 2207 626 2244 tamen
658 2217 721 2243 eas
752 2210 896 2244 tantum
929 2206 1135 2243 sententias
1161 2207 1361 2253 proposuit,
1389 2217 1482 2251 quae

244 2267 341 2304 inter
377 2267 550 2312 aequales
585 2267 774 2314 vigebant,
811 2267 876 2304 sed
907 2266 1018 2303 etiam
1048 2266 1215 2314 priorum,
1250 2266 1311 2312 qui
1342 2266 1481 2303 mathe-
