1721 2633
747 162 963 192 -8—

237 263 354 303 μερῶν
380 257 458 293 ὑπὸ
484 263 567 293 τῶν
589 262 778 292 παλαιῶν
797 257 1079 302 ἀναγεγραμμένα
1096 258 1360 302 παρειλήφαμεν.
1398 258 1471 294 Ne-

239 329 306 365 que
338 318 433 355 enim
459 318 589 364 plurali
607 329 754 355 numero
773 320 806 353 οὶ
831 321 971 353 παλαιοὶ
991 319 1087 366 (pag.
1108 320 1164 363 42,
1178 317 1218 364 8)
1245 317 1391 354 111111111111
1409 317 1472 353 tri-

238 377 417 413 buendum
445 381 513 423 est,
541 377 707 422 quoniam
734 377 870 413 similia
896 388 918 413 a
943 376 1472 422 posterioribus·scriptoribus,

239 436 453 482 saepissime
478 438 676 481 ponuntur,
717 436 789 472 etsi
820 436 865 472 de
891 446 961 472 uno
986 438 1129 472 tantum
1156 435 1332 480 scriptore
1358 444 1473 470 sermo

240 498 306 532 est.
361 495 531 532 Ceterum
558 496 626 531 hoc
654 496 817 540 exemplo
845 500 1000 541 apparet
1024 496 1192 531 Proclum
1215 505 1286 531 non
1313 494 1474 539 singulas

238 565 297 591 res
324 565 369 590 ex
393 554 484 590 libro
503 554 719 591 Geminiano
739 554 932 600 delibasse,
962 555 1026 591 sed
1051 557 1134 591 tota
1161 553 1283 600 capita
1308 554 1347 589 in
1374 563 1474 589 suum

242 614 538 651 commentarium
568 615 814 660 transtulisse,
841 625 935 659 quae
961 618 999 651 et
1024 614 1123 651 inter
1148 625 1188 651 se
1214 614 1410 650 cohaerent
1436 616 1474 650 et

240 685 262 709 a
288 673 422 709 ceteris
457 673 555 709 clare
582 673 758 719 distingui
783 677 945 719 possunt.

340 731 431 769 Cum
457 732 572 778 igitur
600 730 775 769 Geminus
801 733 899 778 apud
924 733 1092 769 Proclum
1118 743 1224 779 pagg.
1252 734 1475 778 38,4-42,6

239 791 517 836 uniuscuiusque
532 791 745 836 disciplinae
762 792 986 837 provinciam
1005 792 1116 828 certis
1134 791 1299 828 terminis
1318 791 1474 836 descrip-

240 850 331 886 serit
352 850 606 894 propriamque
633 850 822 886 materiem
851 851 1067 896 depinxerit,
1097 850 1304 886 necessario
1331 860 1475 894 excerp-

239 911 282 944 ta
303 908 477 944 Parisina
502 909 573 945 huc
594 908 788 944 referenda
812 912 907 950 sunt,
927 920 1019 954 quae
1036 908 1244 945 Fridericus
1259 908 1477 944 Hultschius

240 967 337 1003 inter
387 967 513 1003 varias
563 967 795 1004 collectiones
840 968 991 1004 editioni
1033 968 1193 1004 Heronis
1235 966 1478 1003 Alexandrini

241 1026 407 1062 adiectas
435 1037 466 1061 a.
483 1025 792 1064 MDOOOLXIV
818 1027 953 1071 publici
988 1027 1076 1062 iuris
1105 1026 1194 1063 iecit
1221 1029 1331 1071 atque
1356 1026 1478 1062 verbis

244 1087 440 1129 „excerpta
467 1095 511 1120 ex
531 1084 694 1130 Gemino,
713 1088 754 1120 ut
770 1085 935 1122 videtur“
958 1087 1016 1129 (ci.
1044 1096 1128 1131 pag.
1156 1088 1286 1131 246,15
1315 1085 1405 1127 Hu.)
1432 1084 1477 1119 ad

240 1144 340 1180 illum
373 1143 587 1189 scriptorem
615 1145 780 1189 quamvis
814 1145 1026 1181 dubitanter
1057 1144 1256 1190 revocavit,
1287 1147 1479 1190 postquam

240 1204 290 1239 H.
322 1202 545 1249 Martinus*)
579 1203 617 1239 in
658 1204 1021 1240 commentationibus
1064 1204 1107 1239 de
1142 1204 1223 1239 vita
1258 1207 1297 1239 et
1331 1203 1479 1248 scriptis

241 1261 403 1298 Heronis
438 1262 681 1298 Alexandrini
721 1262 930 1308 compositis
965 1274 999 1308 p.
1029 1266 1095 1297 112
1139 1272 1266 1299 veram
1302 1261 1476 1308 originem

241 1324 343 1357 recte
379 1321 568 1358 divinavit.
620 1322 785 1358 Tametsi
817 1323 946 1358 deinde
972 1323 1154 1368 Tannery,
1186 1322 1246 1366 qui
1272 1322 1294 1357 l.
1322 1322 1345 1357 l.
1374 1332 1480 1367 pagg.

243 1384 386 1415 38—52
430 1381 524 1415 hanc
565 1391 705 1425 quoque
746 1381 939 1416 materiam
974 1381 1117 1425 copiose
1157 1380 1394 1425 retractavit,
1434 1380 1482 1415 ad

243 1440 394 1475 eundem
426 1439 533 1475 finem
559 1439 738 1485 pervenit,
771 1443 896 1476 tamen
923 1450 978 1481 ea,
1012 1450 1103 1484 quae
1131 1439 1235 1484 dixit,
1268 1441 1479 1475 accuratam

243 1498 454 1543 efflagitant
491 1498 861 1542 argumentationem,
901 1502 942 1533 ut
977 1500 1022 1533 ab
1057 1498 1152 1533 omni
1185 1501 1291 1542 parte
1325 1499 1481 1541 probata

243 1556 329 1593 sint.
381 1555 450 1593 Cui
477 1559 599 1592 autem
632 1556 866 1601 epitomatori
898 1557 988 1592 haec
1014 1557 1197 1593 variarum
1230 1555 1482 1592 collectionum

242 1615 369 1660 capita
401 1616 613 1660 debeantur,
646 1615 705 1651 hic
731 1618 771 1651 ut
797 1616 1032 1660 explanemus
1063 1626 1135 1651 non
1161 1625 1249 1660 opus
1277 1618 1345 1660 est,
1377 1626 1482 1660 prae-

242 1674 368 1711 sertim
394 1684 473 1710 cum
501 1675 672 1720 Tannery
702 1675 769 1712 1.1.
791 1685 897 1720 pagg.
919 1678 1063 1709 42—50
1091 1675 1135 1710 ob
1163 1674 1324 1710 codicum
1350 1685 1481 1710 memo-

242 1734 333 1770 riam
356 1735 393 1768 ἐκ
411 1738 484 1769 τῶν
502 1732 698 1769 Ἀνατολίου
718 1735 816 1781 (pag.
838 1737 921 1780 276,
937 1738 971 1768 15
996 1735 1084 1779 Hu.)
1102 1734 1139 1770 in
1157 1733 1363 1771 universum
1381 1738 1482 1771 recte

244 1793 477 1829 contendisse
499 1793 671 1829 videatur
690 1793 836 1829 Gemini
858 1794 989 1829 librum
1007 1795 1053 1829 ab
1071 1793 1260 1838 Anatolio,
1277 1794 1483 1829 Laodiceae

246 1852 425 1897 episcope,
453 1855 660 1897 excerptum
688 1863 780 1894 esse,
810 1852 910 1888 cuius
938 1852 1062 1888 studia
1089 1852 1351 1888 mathematica
1369 1854 1482 1889 Euse-

242 1911 324 1948 bius
350 1912 438 1948 eccl.
469 1911 552 1947 hist.
580 1912 699 1949 LVII
718 1923 746 1948 c.
766 1915 853 1958 32‚6
880 1912 934 1948 ed.
963 1911 1126 1949 Dindorf.
1155 1912 1397 1948 adumbravit.
1426 1911 1480 1949 Of.

243 1971 404 2007 Hultsch
430 1971 468 2006 in
486 1971 620 2016 Paulyi
639 1971 878 2017 (Wissowae)
905 1972 1041 2017 encycl.
1059 1971 1148 2007 real.
1177 1982 1204 2007 s.
1223 1982 1256 2008 v.
1276 1972 1484 2007 Anatolius.

342 2030 415 2067 Sed
441 2029 702 2076 aggrediamur
727 2030 977 2075 quaestionem
1004 2030 1241 2076 propositam!
1276 2031 1313 2068 Si
1341 2041 1483 2076 geome-

242 2090 338 2126 triae
375 2089 637 2134 definitionem,
674 2090 817 2134 qualem
848 2090 886 2125 in
917 2101 994 2126 var.
1023 2090 1104 2126 coll.
1134 2101 1211 2135 cap.
1239 2091 1275 2128 V
1318 2090 1482 2136 legimus,

243 2159 323 2184 cum
342 2148 405 2190 eis,
434 2159 525 2192 quae
544 2148 721 2185 Geminus
747 2149 843 2194 apud
860 2149 1026 2185 Proclum
1052 2159 1135 2195 pag.
1158 2152 1215 2194 39,
1230 2154 1327 2182 7-14
1353 2149 1398 2185 de
1415 2150 1484 2185 hac

344 2277 373 2313 *)
395 2276 438 2305 cf.
470 2276 650 2313 „Memoires
677 2277 836 2313 presentes
862 2285 919 2314 par
946 2276 1048 2306 divers
1075 2280 1200 2307 savants
1221 2278 1240 2306 ὁ,
1260 2277 1280 2306 1⁷
1301 2277 1483 2314 academie“‚

245 2325 303 2354 Iere
328 2324 417 2362 serie,
440 2327 521 2355 tome
546 2325 598 2356 IV.
621 2334 647 2355 a.
671 2325 881 2356 MDCGCLIV.
