1721 2633
719 91 957 123 -62-

219 187 380 232 scriptae
415 187 503 233 sint,
543 187 616 224 etsi
648 187 711 223 ille
746 186 804 224 vir
842 185 1075 223 doctissimus
1109 186 1147 222 in
1188 186 1349 224 editione
1389 197 1454 223 sua

219 246 313 283 certi
339 246 512 291 quiddam
537 249 686 284 secutus
712 246 804 282 duas
831 246 971 282 classes
998 245 1183 283 discrevit.

318 304 421 351 Quae
448 316 528 341 cum
554 306 610 342 ita
636 305 721 348 sint,
750 305 915 349 equidem
941 305 1066 341 facere
1088 315 1159 340 non
1185 315 1342 352 possum,
1371 305 1456 350 quin

218 363 411 408 Tanneryo
431 364 680 409 adstipulatus
704 364 771 399 has
791 363 1020 399 definitiones
1047 363 1228 408 aliquanti
1246 374 1328 400 esse
1346 364 1456 408 pretii

218 422 425 467 concedam,
451 425 493 458 ut
521 422 667 459 Gemini
695 431 784 466 opus
809 422 1041 458 restituatur.

317 481 511 517 Postremo
543 479 723 528 scholia*)
759 480 806 516 ad
839 480 1111 517 Elementorum
1142 480 1274 517 librum
1303 480 1455 526 primum

217 540 366 585 appicta
391 541 450 576 hic
468 551 540 576 non
565 550 715 585 prorsus
733 539 962 586 neglegenda
982 544 1076 586 sunt,
1103 551 1320 585 quamquam
1337 540 1454 585 plera-

217 610 286 643 que
314 610 359 635 ex
375 599 562 635 Platonici
588 599 847 635 commentario
873 600 985 635 verbo
1011 602 1118 636 tenus
1145 599 1331 645 exscripta
1358 602 1455 636 sunt.

216 658 314 694 Nam
341 660 456 695 verba
483 657 515 703 [ἡ
537 660 601 699 μὲν
626 661 814 702 γεωμετρία
840 660 1017 702 διαιρεῖται
1042 657 1221 706 πάλ]ιν**)
1250 659 1296 699 εἴς
1327 671 1361 693 τε
1392 657 1456 702 τὴν

216 717 376 751 ἐπίπεδον
403 720 556 760 θεωρίαν
582 720 636 750 καὶ
656 715 718 760 τὴν
742 720 1002 761 στερεομετρίαν
1021 728 1108 753 sane
1132 728 1211 753 cum
1230 717 1353 752 Procli
1370 727 1455 762 pag.

219 779 275 821 39,
287 781 364 809 8-9
397 776 602 821 concinunt,
637 777 702 812 sed
732 787 791 821 ea,
825 787 917 820 quae
948 777 971 811 l.
997 777 1021 813 l.
1052 787 1136 821 pag.
1165 778 1369 817 71—72,28
1395 786 1456 811 ex-

216 833 426 879 planantur,
453 845 499 870 ex
516 835 683 870 uberiore
701 845 806 878 quam
825 835 919 878 quod
936 835 1045 870 estin
1072 834 1238 870 manibus
1257 834 1456 879 exemplari

217 893 352 929 hausta
387 904 468 929 esse
502 893 688 939 videntur,
720 893 888 937 quoniam
919 893 957 929 in
988 893 1042 929 eis
1073 893 1219 930 Gemini
1249 893 1456 930 sententiae

216 952 326 995 paulo
354 951 535 996 copiosius
562 952 817 996 explanantur.

317 1048 345 1086 *)
368 1049 413 1078 Of.
435 1049 521 1079 Eucl.
543 1049 639 1079 Elem.
661 1053 734 1078 tom.
757 1049 792 1078 V.
815 1059 885 1087 pag.
908 1051 944 1078 71
960 1059 990 1079 ss
1012 1050 1057 1079 ed.
1079 1050 1223 1087 Heiberg.

297 1096 345 1135 **)
367 1097 458 1126 Falsa
480 1098 636 1135 supplevit
657 1098 804 1136 Heiberg.
827 1098 846 1128 1.
868 1099 888 1128 l.
911 1107 981 1136 pag.
1003 1100 1049 1127 71.
