1721 2633
750 113 989 145 —13—

256 209 362 246 dubio
379 190 612 246 tractandam
639 208 762 255 fuisse,
793 212 834 245 ut
851 208 1133 245 mathematicae
1150 208 1348 254 partitioni,
1375 218 1482 253 quam

254 269 406 304 Proclus
424 279 509 314 pag.
538 272 723 309 38,10-—12
746 268 874 308 refert,
899 268 1020 312 aliqua
1037 279 1083 304 ex
1100 271 1207 312 parte
1225 268 1317 304 satis
1335 268 1484 304 faceret.

258 327 332 365 Sed
358 330 398 364 ut
424 326 636 364 testimonia
659 326 862 369 afferamus,
890 336 1135 372 comparemus
1161 327 1226 362 hos
1251 327 1362 362 locos:

356 386 474 422 Procl.
502 398 536 432 p.
564 389 622 431 40,
651 391 687 418 10
713 397 740 422 s.
902 386 990 423 Var.
1022 385 1102 421 coll.
1130 396 1162 430 p.
1192 388 1276 429 249,
1306 390 1342 419 18
1368 396 1386 421 s
1412 386 1484 421 Hu.

258 443 278 488 ἡ
319 446 382 485 μὲν
424 444 574 492 (ὀπτικὴ)
626 452 697 484 ταῖς
744 443 842 486 ὄψεσι
902 443 1103 478 ὑποτίθεται
1136 442 1156 487 ἡ
1182 442 1305 486 ὀπτικὴ
1331 443 1391 485 τὰς
1416 443 1486 478 ἀπὸ

259 512 429 546 γραμμαῖς
454 504 614 547 χρωμένη
643 529 792 544 ......
903 505 965 537 τοῦ
983 501 1137 544 ὄμματος
1155 500 1251 544 ὄψεις
1264 505 1338 535 κατ’
1354 502 1487 544 εὐθείας

902 561 1058 605 γραμμὰς
1065 562 1228 604 φέρεσθαι
1239 561 1298 604 (cf.
1310 571 1393 605 pag.
1406 565 1486 606 250,

904 625 923 653 2
943 622 1005 664 ss.)
1373 645 1380 649 .

353 679 439 716 ibid.
466 690 548 725 pag.
576 683 632 721 40,
663 684 696 713 11
724 690 752 715 s.
969 679 1056 716 ibid.
1083 689 1165 724 pag.
1193 682 1274 723 250,
1305 683 1428 715 12-18,

262 765 407 774 ......
442 741 498 772 καὶ
515 747 605 784 Δταῖς
638 739 675 773 ἐκ
708 739 845 773 τούτων
906 768 910 772 .
933 765 941 772 .
963 765 970 772 .
990 765 998 772 .
1019 765 1027 772 .
1049 765 1056 772 .
1075 745 1197 772 σκοπεῖ
1212 739 1242 772 εἰ
1253 736 1395 780 σώζεται
1412 739 1490 773 καθ’

261 797 296 840 (i.
315 807 345 832 e.
373 801 444 831 τῶν
470 797 653 843 γραμμῶν)
689 808 844 832 συνιστα-
903 797 1046 840 ἑκάστην
1063 796 1230 831 ὑπόθεσιν
1248 795 1287 830 τὸ
1305 796 1392 831 κατὰ
1413 807 1491 832 συν-

260 856 376 896 μέναις
394 858 532 897 γωνίαις
551 856 643 902 (scil.
658 858 843 901 χρωμένη).
904 855 1044 900 αγωγὴν
1077 859 1122 897 εἰς
1151 860 1282 899 γωνίαν
1320 855 1382 899 τὴν
1413 856 1491 891 σύν-

903 925 1017 950 νευσιν
1041 918 1193 958 γίνεσθαι
1217 919 1291 949 κτλ.

359 972 481 1008 Primo
512 972 626 1018 igitur
658 974 736 1009 loco
761 976 838 1009 tam
864 974 960 1019 apud
985 974 1153 1009 Proclum
1180 984 1288 1018 quam
1318 974 1355 1009 in
1381 974 1492 1010 variis

264 1033 540 1070 collectionibus
557 1044 664 1079 pagg.
684 1037 981 1079 249,17—250,5
1004 1033 1194 1079 generales
1217 1033 1389 1079 rationes,
1416 1033 1492 1078 qui-

263 1092 329 1128 bus
356 1093 578 1128 substruitur
605 1102 666 1127 ars
694 1093 826 1137 optica,
852 1093 1037 1128 recenseri
1059 1092 1288 1137 perspicuum
1307 1095 1375 1137 est,
1401 1103 1493 1136 quae

263 1150 442 1196 principia
468 1161 490 1187 a
518 1150 670 1187 Gemino
699 1150 977 1196 diligentissime
1010 1150 1159 1195 agitata
1190 1161 1271 1186 esse
1299 1150 1347 1186 ad
1371 1150 1495 1186 Procli

265 1220 371 1255 pagg.
407 1214 668 1255 57,9—61,24
704 1220 814 1254 supra
852 1210 1151 1255 praedicavimus.
1215 1209 1359 1246 Deinde
1395 1213 1493 1246 utro-

266 1279 334 1312 que
364 1268 443 1305 loco
476 1269 535 1313 (cf.
562 1269 622 1305 Pr.
657 1279 740 1315 pag.
769 1272 949 1310 40,12,16,
966 1273 1001 1301 19
1026 1271 1064 1304 et
1089 1278 1167 1304 var.
1196 1269 1277 1304 coll.
1304 1279 1385 1314 pag.
1413 1272 1493 1313 250,

266 1333 305 1361 20
319 1330 349 1371 s)
375 1339 435 1364 ars
463 1328 583 1373 optica
609 1328 647 1364 in
672 1332 749 1364 tres
775 1328 987 1373 disciplinas
1014 1327 1202 1373 dividitur,
1229 1338 1322 1371 quae
1349 1328 1495 1364 eaedem

267 1389 367 1423 certo
386 1387 539 1431 quodam
557 1386 680 1422 ordine
698 1390 968 1427 enumerantur,
996 1386 1140 1422 scilicet
1158 1385 1198 1420 τὸ
1224 1385 1420 1428 ὁμωνύμως
1446 1389 1496 1432 τῷ

268 1442 339 1492 ὅλῳ
366 1446 581 1488 καλούμενον
607 1445 760 1488 ὀπτικὸν,
796 1445 837 1481 τὸ
863 1445 1108 1490 κατοπτρικὸν,
1141 1444 1180 1480 τὸ
1206 1446 1494 1491 σκηνογραφικόν.

266 1504 321 1540 At
348 1505 441 1540 enim
466 1505 503 1540 in
529 1505 641 1541 variis
673 1505 949 1541 collectionibus
976 1505 1053 1541 eius
1081 1515 1173 1553 quae
1205 1505 1349 1549 proprie
1376 1506 1498 1550 optica

268 1563 402 1600 dicitur
436 1563 649 1609 disciplinae
681 1564 780 1599 nulla
810 1563 905 1599 ratio
936 1564 1109 1609 habetur,
1144 1563 1238 1607 quod
1262 1566 1346 1608 post
1376 1564 1498 1600 distri-

267 1623 452 1659 butionem
477 1634 560 1669 pag.
589 1626 698 1668 251,2
725 1623 893 1659 continuo
925 1623 1131 1668 catoptrica
1158 1623 1381 1659 describitur.
1432 1624 1499 1660 Ni-

270 1682 343 1719 hilo
370 1682 488 1719 secius
515 1682 674 1719 dubitari
699 1682 835 1728 nequit,
862 1682 947 1727 quin
964 1682 1009 1724 ei,
1036 1682 1097 1727 qui
1119 1682 1243 1719 varias
1267 1683 1499 1719 collectiones

270 1742 462 1788 excerpsit,
478 1742 622 1788 integra
634 1742 802 1787 propriae
817 1741 960 1787 opticae
975 1742 1231 1778 commentatio
1245 1743 1499 1788 suppetiverit‚

270 1800 371 1836 cuius
396 1800 555 1846 vestigia
581 1800 676 1845 apud
701 1801 868 1836 Proclum
894 1811 976 1846 pag.
1007 1804 1063 1846 40,
1080 1805 1196 1834 12-14
1221 1804 1372 1838 servata
1404 1805 1498 1847 sunt,

269 1859 330 1895 ubi
355 1860 507 1906 legimus
535 1858 571 1907 (ἡ
596 1862 690 1901 ἰδίως
719 1861 911 1903 καλουμένη
943 1858 1078 1906 ὀπτικὴ)
1110 1861 1182 1894 τῶν
1212 1862 1351 1902 ψευδῶς
1381 1873 1500 1903 φαινο-

270 1920 385 1960 μένων
403 1919 497 1963 παρὰ
514 1918 575 1960 τὰς
592 1918 794 1960 ἀποστάσεις
811 1920 883 1953 τῶν
901 1918 1040 1963 ὁρατῶν
1058 1918 1121 1962 τὴν
1145 1922 1255 1953 αἰτίαν
1277 1919 1498 1955 ἀποδίδωσιν.

272 1977 419 2014 Etenim
445 1988 503 2023 ea,
535 1988 628 2022 quae
654 1978 890 2022 insequuntur
916 1978 976 2024 (cf.
1003 1989 1083 2024 pag.
1112 1982 1169 2019 40,
1191 1977 1256 2024 15),
1288 1980 1456 2024 exempla
1482 1978 1501 2022 ἡ

272 2038 345 2072 τῶν
371 2037 604 2081 παραλλήλων
631 2037 826 2079 σύμπτωσις
851 2039 890 2073 et
911 2036 931 2080 ἡ
950 2041 1023 2071 τῶν
1041 2037 1270 2081 τετραγώνων
1293 2036 1341 2078 ὠς
1362 2037 1502 2072 κύκλων

272 2099 401 2140 θεωρία
426 2096 464 2132 in
490 2107 568 2132 var.
595 2097 675 2133 coll.
703 2107 780 2141 cap.
806 2096 912 2132 XIII
938 2096 1062 2132 eodem
1089 2096 1212 2133 ordine
1244 2100 1403 2142 servato,
1438 2096 1502 2132 sed

274 2155 385 2191 multo
418 2155 619 2200 copiosiora
646 2156 698 2192 sic
730 2155 926 2197 iterantur,
958 2155 1015 2191 uti
1047 2166 1091 2191 ex
1117 2165 1237 2190 eorum
1265 2156 1502 2201 congruentia

274 2214 442 2260 quidnam
470 2214 601 2251 dixerit
627 2215 803 2253 Geminus
829 2214 937 2251 facile
965 2214 1211 2251 concludatur.
1263 2215 1365 2252 Sicut
1390 2214 1503 2261 igitur

274 2274 312 2310 in
344 2274 526 2319 excerptis
552 2274 733 2310 Parisinis
767 2274 959 2319 genuinum
994 2273 1259 2310 sententiarum
1294 2276 1503 2311 contextum
