1721 2633
770 123 1010 153 -13—

280 220 425 267 104,22)
458 222 632 256 testatur.
684 220 829 256 Deinde
860 219 997 256 duobus
1028 220 1117 256 10013
1153 220 1250 266 (pag.
1282 225 1447 267 104,2-5
1473 222 1511 256 et

271 289 354 325 pag.
386 278 621 326 111,12—17),
657 288 745 323 quos
778 279 983 315 exscribere
1018 278 1162 324 longum
1195 282 1270 324 est,
1305 290 1377 315 11011
1408 280 1511 315 modo

272 338 491 384 sententiae,
523 349 649 375 verum
677 338 790 374 etiam
817 339 930 375 verba
961 338 1016 375 ita
1044 338 1248 385 concinunt,
1280 342 1321 375 ut
1347 339 1391 376 de
1418 350 1510 377 com-

270 398 371 433 muni
411 398 552 444 origine
592 398 752 433 dubitari
786 409 856 434 non
892 398 1023 443 possit,
1064 398 1135 434 nisi
1169 399 1263 451 quod
1289 399 1408 434 altero
1433 400 1511 435 1000

271 460 369 503 (pag.
414 461 495 502 104,
509 459 598 502 2—5)
641 456 837 493 formarum
883 457 1022 503 species
1065 458 1172 503 paulo
1211 458 1358 503 parcius
1401 458 1511 504 signi-

270 515 437 551 ficantur.
493 516 633 552 Iterum
665 519 789 552 autem
822 516 962 552 finitum
994 515 1047 561 (τὸ
1077 518 1183 561 πέρας
1211 527 1295 562 pag.
1327 520 1435 562 104,9
1458 516 1511 564 ss)

270 577 382 619 atque
400 575 581 611 infinitum
608 574 666 621 (τὸ
685 573 841 621 ἄπειρον)
868 576 905 611 111
923 576 1039 613 variis
1063 576 1287 622 geometriae
1304 576 1512 612 notionibus

270 633 470 679 diligenter
510 636 767 680 observantur,
807 646 914 679 quam
955 635 1102 671 Gemini
1143 635 1434 672 consuetudinem
1474 635 1512 670 in

269 692 374 728 lineis
401 691 506 728 modo
533 692 626 729 satis
654 693 807 729 ostendi.
847 693 1015 738 Denique
1041 704 1125 740 pag.
1156 698 1365 741 104,10-20
1391 694 1511 730 multi-

269 751 384 796 plices
417 751 612 794 linearum,
641 752 869 798 angulorum,
898 752 1096 789 formarum
1129 753 1269 798 species
1294 763 1365 789 non
1397 753 1512 789 solum

270 810 396 847 eodem
437 811 562 847 ordine
597 814 869 858 enumerantur,
910 813 975 848 sed
1014 812 1125 848 etiam
1163 812 1298 849 eisdem
1338 812 1511 857 exemplis

269 870 506 907 illustrantur
538 874 650 916 atque
682 882 765 918 pag.
802 876 1021 919 113,15-18,
1054 873 1115 908 ubi
1140 873 1293 909 Proclus
1325 883 1512 917 quaecum-

271 940 340 974 que
373 930 420 965 ab
445 930 719 966 Elementorum
747 930 924 976 scriptore
958 932 1092 967 omissa
1118 935 1214 978 sunt,
1241 942 1347 976 quam
1373 932 1511 968 brevis-

270 988 360 1024 sime
390 992 578 1034 recenset,
614 992 656 1025 ut
689 990 959 1035 cupidissimum
991 1001 1165 1035 quemque
1198 991 1360 1027 discendi
1391 991 1511 1027 studio

267 1047 469 1084 inflammet
511 1048 569 1096 (cf.
606 1059 689 1094 pag.
730 1052 842 1091 113‚3
869 1051 918 1095 ss)
959 1052 1071 1094 atque
1113 1050 1161 1086 ad
1196 1050 1343 1087 Gemini
1381 1050 1512 1086 librum

268 1106 423 1152 deleget,
455 1110 584 1153 utpote
611 1108 672 1152 qui
704 1108 812 1153 plura
846 1109 1049 1153 requirenti
1075 1109 1300 1152 satisfaciat3
1335 1120 1441 1154 quam
1468 1110 1512 1145 ob

266 1176 341 1201 rem
374 1167 467 1202 haec
498 1167 618 1203 omnia
649 1168 695 1203 ab
722 1168 785 1204 illo
818 1168 1029 1214 disceptata
1055 1169 1169 1205 fuisse
1201 1169 1312 1205 facile
1339 1169 1511 1205 conicias.

266 1225 326 1261 En
369 1225 475 1270 quasi
517 1226 674 1263 indicem
717 1230 1014 1274 argumentorum
1052 1228 1144 1264 locis
1189 1228 1335 1265 collatis
1378 1227 1513 1264 lucrati

268 1295 401 1327 311111113,
437 1296 532 1329 quae
566 1285 742 1322 Geminus
774 1287 811 1323 111
843 1287 969 1323 eodem
999 1287 1092 1323 libro
1126 1288 1386 1324 mathematico
1414 1290 1511 1324 trac-

268 1343 419 1380 taverit.

367 1404 454 1440 Huc
490 1404 652 1447 accedit,
689 1405 785 1449 quod
817 1406 925 1450 paulo
960 1406 1058 1442 infra
1091 1417 1176 1452 pag.
1207 1410 1286 1451 105,
1299 1412 1337 1440 26
1367 1406 1511 1442 nomine

270 1461 417 1499 Gemini
448 1462 601 1499 laudato
635 1463 818 1500 simillima
850 1464 1023 1501 materies
1061 1465 1296 1511 explanatur,
1337 1465 1513 1502 videlicet

270 1531 341 1566 qua
367 1521 512 1558 ratione
546 1522 699 1568 simplex
724 1522 823 1559 linea
851 1534 873 1559 a
899 1524 1014 1560 mixta
1046 1524 1284 1561 discernenda
1310 1520 1374 1569 sit3
1407 1534 1511 1569 prae-

269 1584 375 1617 terea
405 1592 490 1627 pag.
527 1584 606 1628 106,
619 1587 734 1617 12-15
766 1584 918 1620 eaedem
949 1587 1027 1621 tres
1059 1584 1236 1620 motiones
1268 1583 1512 1629 conferuntur,

271 1650 364 1684 quae
392 1650 504 1685 supra
534 1651 618 1686 pag.
649 1644 727 1686 104,
741 1647 780 1675 24
803 1652 821 1677 s
847 1642 1012 1679 breviter
1044 1643 1231 1679 indicatae
1248 1645 1353 1682 sunt.
1404 1643 1512 1678 Post-

269 1709 368 1736 remo
409 1698 537 1744 spirali
576 1699 614 1736 in
654 1700 816 1746 cylindro
858 1702 1066 1747 descriptae
1111 1701 1145 1746 (ἡ
1178 1704 1255 1746 περὶ
1297 1700 1360 1737 τὸν
1397 1702 1512 1737 κύλιν-

271 1760 359 1802 δρον
376 1758 468 1804 ἕλιξ),
490 1771 599 1804 quam
616 1760 654 1796 in
670 1761 894 1805 simplicibus
911 1767 1016 1798 erant
1035 1763 1096 1806 qui
1115 1762 1301 1807 ducerent,
1321 1762 1513 1799 Geminum

271 1828 403 1864 magno
437 1829 517 1856 oum
544 1819 665 1856 studio
694 1830 841 1866 operam
868 1831 1027 1858 navasse
1055 1821 1178 1858 multis
1206 1821 1295 1857 locis
1321 1822 1511 1867 probatur;

271 1889 302 1914 e.
330 1890 364 1925 g.
384 1889 465 1925 pag.
486 1882 569 1924 251,
582 1885 678 1914 2—11
712 1883 750 1917 et
777 1881 821 1917 de
848 1882 917 1917 bac
943 1881 1069 1926 spirali
1096 1885 1135 1918 et
1162 1881 1206 1918 de
1232 1884 1337 1917 recta
1364 1882 1513 1918 circulo-

272 1947 341 1981 que
368 1948 476 1974 unam
495 1938 750 1983 quaestionem
777 1940 978 1976 constituit.
1021 1941 1155 1984 Itaque
1182 1951 1261 1976 cum
1286 1941 1402 1977 verba
1426 1939 1515 1984 πρὸς

271 1993 314 2039 δὴ
349 1996 479 2042 ταύτην
514 1997 578 2043 τὴν
613 1997 763 2043 ἀπορίαν
803 1997 1074 2044 ἀπαυτησὸμεθα
1109 2003 1181 2034 κτλ.
1222 2001 1319 2047 (pag.
1359 2000 1513 2046 105,13),

273 2058 352 2092 tum
370 2057 494 2102 priora
522 2058 646 2105 (pagg.
670 2063 748 2105 104,
760 2064 931 2105 26—105,
945 2059 1008 2106 12),
1037 2060 1084 2095 ad
1110 2070 1203 2104 quae
1226 2060 1292 2096 illa
1317 2060 1514 2105 pertinent,

273 2125 321 2151 ex
346 2125 417 2152 uno
444 2116 546 2154 fonte
573 2117 745 2154 derivata
771 2122 868 2154 sunt.

376 2174 604 2222 Quamquam
646 2179 767 2213 autem
807 2177 960 2214 Proclus
1000 2177 1084 2214 huic
1119 2177 1370 2214 commentarii
1402 2176 1512 2223 parti,

276 2245 372 2282 quae
397 2235 522 2273 divelli
546 2236 684 2284 nequit,
710 2237 832 2275 Verbis
851 2238 962 2272 ταῦτα
983 2239 1047 2279 μὲν
1065 2235 1130 2272 οὖν
1153 2240 1229 2282 περὶ
1255 2237 1393 2272 τούτων
1418 2238 1514 2284 (pag.

278 2299 359 2339 106,
374 2295 430 2344 20)
460 2297 653 2344 perspicue
686 2297 794 2335 finem
824 2298 1005 2345 imposuit,
1040 2300 1164 2336 tamen
1197 2308 1251 2345 ea,
1285 2308 1379 2343 quae
1403 2308 1516 2345 usque
