1721 2633
680 103 922 134 *40-

186 197 322 234 stiones
348 197 546 234 instituere
573 197 769 245 solebat*)‚
800 197 837 234 id
864 198 957 242 quod
983 198 1140 235 fortasse
1167 199 1276 236 simili
1302 198 1419 236 studio

185 256 416 293 tribuendum
442 259 509 293 est.

283 315 400 359 Atqui
419 315 597 352 Geminus
624 316 719 360 apud
736 316 905 352 Proclum
922 327 1053 353 revera
1069 317 1256 361 paradoxa
1282 318 1421 354 mathe-

184 373 412 420 maticorum,
448 385 541 419 quae
575 374 709 410 homini
740 375 846 411 huius
880 375 972 411 artis
998 375 1128 421 ignaro
1154 376 1314 412 absurda
1341 387 1422 413 esse

184 433 367 475 videntur,
395 433 541 479 saepius
565 435 777 479 spectabat3
804 444 890 470 nam
912 436 1060 479 praeter
1077 435 1192 471 locum
1210 434 1314 470 modo
1334 435 1422 471 alla·

185 496 276 538 tum,
308 503 412 537 quem
439 491 593 529 Gemino
619 493 850 529 tribuendum
877 503 959 529 esse
986 504 1096 539 supra
1123 493 1220 537 (vide
1246 503 1329 539 pag.
1360 494 1421 540 30)

185 551 526 599 demonstravimus,
554 552 619 588 hos
646 552 684 588 in
712 563 858 589 censum
885 552 1022 588 referre
1053 552 1156 589 licet:
1188 552 1421 596 παραδοξό-

185 610 316 645 τατόν
333 612 424 645 ἐστιν
442 611 479 645 ἐν
493 615 681 656 γεωμετρίᾳ
700 613 866 655 θεώρημα
881 610 1041 645 δεικνύοι)
1060 612 1298 658 σύννευσιν**)
1316 613 1422 646 τινῶν

186 671 357 715 γραμμῶν
383 668 619 706 ἀσύννευστον
627 669 680 716 **)
699 673 795 717 (pag.
816 673 895 710 177,
910 676 946 705 19
965 673 1016 712 ss)
1037 673 1075 708 et
1094 671 1275 708 simillime
1294 670 1335 706 τὸ
1358 670 1422 715 γὰρ

185 731 275 765 εἶναί
290 743 385 771 τινας
402 729 561 774 γραμμὰς
579 731 893 776 συννευούσας***)
911 733 974 772 μὲν
991 732 1043 765 ἐπ’
1063 729 1216 774 ἄπειρον,
1241 731 1422 771 ἀσυμπτώ-

185 801 267 830 τους
294 791 329 823 δὲ
354 787 592 832 ὑπαρχούσας,
620 792 732 823 καίτοι
750 791 880 823 δοκοῦν
899 788 1106 824 ἀπίθανον
1123 789 1207 824 εἶναι
1225 792 1279 823 καὶ
1296 789 1423 833 παρά-

185 851 329 891 δοξον,
372 846 467 889 ὅμως
502 846 626 892 ἀληθές
660 849 728 883 ἐστι
762 853 817 883 καὶ
847 848 1046 893 πεφώραται
1086 850 1137 884 ἐπ’
1172 847 1289 883 ἄλλων
1322 851 1424 884 εἰδῶν

185 908 244 950 τῆς
277 910 435 950 γραμμῆς
469 906 568 953 (pag.
608 910 688 951 192,
714 912 858 951 18—22);
893 907 912 942 ὃ
940 910 974 942 δέ
1009 909 1077 942 ἐστι
1110 907 1353 948 θαυμαστὸν
1387 908 1424 942 ἓν

185 965 341 1006 ταύταις,
369 962 422 998 ὅτι
448 968 503 998 καὶ
530 963 599 999 ἀπὸ
626 967 788 1008 κυκλικῆς
812 968 901 1008 μῖξις
927 970 1053 1009 γίνεται
1079 965 1244 1007 πολλάκις
1269 967 1329 1009 τῆς
1354 966 1422 1000 ἐπι-

184 1028 326 1067 φανείας
350 1022 437 1058 κατὰ
459 1022 524 1068 τὴν
547 1025 677 1067 γένεσιν
698 1025 796 1071 (pag.
820 1029 928 1070 119‚6
947 1027 1011 1068 ss).
1060 1024 1187 1060 Etiam
1212 1025 1423 1071 angulorum

186 1083 489 1129 disceptationem
521 1083 619 1130 (pag.
657 1087 735 1129 125,
755 1086 916 1129 6—127,
939 1083 1007 1129 16),
1044 1083 1106 1120 ubi
1131 1094 1213 1129 pag.
1245 1087 1360 1129 126,4
1388 1094 1424 1120 ss

185 1144 276 1179 haec
302 1142 457 1189 legimus
483 1144 592 1177 τοῦτο
610 1144 646 1177 δὲ
664 1142 808 1178 πάντων
834 1143 1198 1187 παραδοξότατον,
1227 1143 1253 1177 εἰ
1279 1142 1367 1177 ἔστιν
1392 1156 1424 1177 τι

186 1205 332 1245 μέγεθος
357 1203 411 1245 ἐφ’
437 1202 475 1236 ἓν
501 1202 685 1236 διαστατὸν
711 1203 777 1244 ἔξω
804 1207 970 1246 γραμμῆς,
1003 1203 1072 1237 huc
1098 1202 1281 1247 pertinere
1308 1202 1425 1238 obiter

187 1262 367 1305 adnotem‚
388 1261 481 1305 quod
497 1261 573 1296 eius
588 1264 772 1296 auctorem
787 1272 867 1297 esse
882 1260 1074 1298 Geminum
1094 1261 1165 1296 alio
1183 1261 1261 1296 loco
1280 1261 1423 1296 demon-

186 1319 372 1357 strabitur.
418 1320 499 1355 Hos
524 1323 646 1356 autem
669 1320 768 1356 locos
785 1331 895 1366 pagg.
915 1323 997 1364 304,
1014 1325 1064 1361 14;
1095 1322 1175 1361 322,
1192 1324 1245 1362 243
1274 1321 1356 1365 327,
1374 1324 1423 1364 1ο;

189 1383 269 1424 328,
283 1385 321 1413 23
349 1389 394 1415 ex
416 1379 542 1415 eodem
559 1379 660 1415 fonte
686 1379 832 1415 fluxisse
858 1379 976 1415 minus
1002 1379 1081 1416 veri
1099 1379 1217 1414 simile
1244 1382 1312 1423 est,
1339 1389 1422 1423 quo-

186 1439 283 1475 niam
311 1438 385 1474 alia
411 1438 656 1481 firmamenta,
690 1438 818 1483 quibus
844 1439 936 1474 haec
963 1438 1173 1474 coniectura
1200 1437 1421 1483 stabiliatur,

187 1499 326 1534 desunt.
387 1498 460 1535 Sed
495 1499 560 1534 sub
597 1498 846 1535 commentarii
879 1498 1002 1539 finem,
1038 1498 1099 1534 ubi
1130 1497 1284 1542 scriptor
1317 1508 1423 1542 pagg.

188 1561 270 1599 431,
288 1562 372 1590 15-
387 1560 469 1602 432,
485 1562 502 1590 5
532 1560 716 1601 tamquam
742 1557 862 1593 indice
889 1557 1004 1593 totius
1029 1557 1113 1593 libri
1139 1567 1311 1592 summam
1331 1566 1423 1591 com-

187 1616 313 1661 plexus
341 1618 409 1660 est,
437 1616 567 1651 iterum
587 1616 815 1661 „paradoxus
833 1616 955 1652 locus“
980 1616 1040 1661 qui
1056 1617 1209 1652 vocatur
1227 1617 1264 1651 et
1281 1615 1424 1650 theore-

187 1678 289 1711 mata
314 1675 439 1720 topica
467 1686 489 1710 a
516 1674 720 1720 Chrysippo
747 1675 959 1711 examinata
986 1675 1082 1711 sicut
1107 1685 1189 1720 pag.
1212 1677 1281 1709 395
1300 1684 1336 1710 ss
1355 1684 1423 1709 uno

188 1738 314 1771 tenore
342 1737 677 1770 commemorantur.

285 1794 365 1830 Iam
397 1803 483 1830 vero
514 1793 637 1829 Procli
672 1793 985 1838 commentarium,
1023 1792 1303 1838 quibuscumque
1336 1791 1424 1827 locis

187 1854 247 1890 vel
273 1853 413 1898 placita
438 1853 500 1889 vel
525 1853 704 1888 vocabula
731 1852 926 1889 stoicorum
955 1852 1168 1892 afferuntur,
1202 1851 1295 1887 satis
1322 1861 1423 1887 exse-

191 1911 267 1948 cuti
294 1922 425 1957 sumus,
452 1914 493 1947 ut
518 1912 587 1947 hoc
614 1911 757 1956 quidem
784 1911 1114 1956 exploratissimum
1142 1911 1204 1947 sit:
1232 1910 1424 1948 Geminum

190 1982 234 2007 ex
261 1971 451 2015 disciplina
478 1982 559 2007 cum
585 1970 782 2006 stoicorum
799 1974 876 2007 tum
894 1971 1081 2007 Posidonii
1104 1970 1305 2015 profectum
1332 1980 1422 2013 esse,

188 2030 260 2066 etsi
286 2029 343 2065 hic
369 2029 443 2066 illic
471 2031 517 2066 ab
545 2040 667 2066 eorum
692 2030 855 2075 principe
882 2029 1066 2066 dissensit.

287 2118 317 2157 *)
340 2118 382 2148 Cf.
405 2118 572 2155 Schmekel,
594 2118 642 2148 die
664 2118 778 2149 Pbilos.
801 2119 854 2148 der
875 2118 1034 2148 mittleren
1056 2118 1128 2148 Stoa
1147 2128 1216 2156 pag.
1238 2119 1305 2147 286.

267 2166 315 2205 **)
336 2167 490 2197 Friedlein
510 2167 623 2204 ubique
644 2166 722 2197 falso
744 2167 924 2197 vocabulum
939 2166 1089 2195 συννεύειν
1102 2167 1209 2198 littera.
1223 2167 1250 2196 N
1269 2175 1328 2196 non
1350 2166 1424 2203 dup-

188 2217 281 2248 licata
302 2216 417 2247 scribit.

249 2266 312 2305 *‘*)
334 2266 395 2296 Pro
423 2265 601 2296 Friedleinii
630 2265 783 2303 scriptura
813 2265 951 2305 γραμμὰς
978 2266 1163 2304 ησυνιούσας“
1192 2266 1272 2305 (pag.
1299 2263 1424 2303 192,19)

190 2315 329 2354 equidem
351 2315 579 2355 „ovvvevofioaffl
602 2315 678 2347 loeis
699 2315 818 2346 conatis
839 2314 979 2347 restituo.
