1721 2633
700 129 940 162 -33-

204 224 392 262 Posidonii
424 224 635 272 sormam*),
670 236 776 270 quam
809 236 892 271 pag.
931 228 1015 271 176,
1046 230 1142 259 '7—10
1176 226 1435 272 cognoscimus,

206 295 313 330 quam
338 285 529 331 aptissime
556 284 866 321 accommodatam
898 284 1001 321 esse?
1054 283 1276 331 Quamquam
1301 285 1435 322 utrius-

205 355 274 388 que
306 344 585 390 descriptionem
618 345 770 380 eandem
801 354 882 380 esse
918 354 1021 380 nemo
1056 347 1157 380 recte
1194 344 1435 380 contenderit!

204 404 317 439 Immo
347 404 469 440 verbis
500 406 540 438 αἵ
568 405 649 438 εἰσιν
680 402 810 438 εὐθεῖαι
839 414 922 449 pag.
957 405 1036 445 177,
1056 407 1094 436 22
1125 402 1298 440 Geminus
1332 403 1435 440 Posi-

207 462 311 498 donio
339 463 567 508 adversatur,
594 463 724 507 quippe
751 462 811 507 qui
834 462 978 507 vulgari
1000 462 1337 498 mathematicorum
1364 462 1435 508 opi-

206 521 304 557 nioni
337 533 463 567 parum
499 521 725 565 satisfaciat,
766 532 845 557 cum
878 521 1097 566 Apamensis
1136 521 1248 557 etiam
1285 522 1436 557 circulos

208 580 402 624 parallelos
427 591 493 616 sua
518 580 760 624 descriptione
779 580 1049 624 complectatur.
1094 580 1228 624 Itaque
1252 580 1435 625 Geminus,

207 641 248 674 ut
274 650 336 675 eos
353 639 520 684 reiceret,
547 638 631 674 inde
650 649 673 674 a
689 639 869 674 locutione
896 640 948 673 δεῖ
972 641 1009 673 δὲ
1026 640 1147 673 εἰδέναι
1167 639 1265 686 (pag.
1288 642 1365 684 176,
1386 638 1436 686 18)

204 701 332 734 contra
367 709 447 734 eum
480 697 641 734 ostendit
680 708 751 734 non
782 708 904 734 omnes
935 697 1068 743 lineas,
1103 708 1196 742 quae
1227 698 1274 733 ad
1301 708 1340 733 se
1366 708 1436 733 non

204 756 392 801 inclinant,
421 767 484 793 eas
511 767 602 799 esse,
631 767 723 801 quae
749 756 893 801 proprie
910 756 1113 801 parallelae
1131 759 1317 801 vocentur,
1343 757 1437 800 quod

206 816 331 852 eadem
358 816 565 861 proprietas
592 816 702 852 etiam
728 815 766 851 in
793 815 944 851 circulos
970 815 1168 860 parallelos
1194 815 1319 857 cadat;
1351 815 1436 859 quin

204 875 324 920 potius
351 875 503 911 accedat
528 885 677 911 necesse
705 877 777 920 est,
811 878 852 910 ut
882 874 1002 910 lineae
1033 874 1071 910 in
1103 874 1282 911 infinitum
1307 875 1435 920 produ-

205 936 345 969 cantur.
396 934 496 979 Ergo
522 935 637 970 verba
663 935 703 967 αἳ
734 935 814 967 εἰσιν
847 933 977 967 εὐθεῖαι
1008 935 1105 978 (pag.
1136 936 1220 977 177,
1240 936 1308 979 22),
1344 944 1435 978 quae

206 994 274 1029 huc
298 993 492 1039 pertinent,
520 993 686 1030 consulto
714 1003 736 1028 a
764 992 916 1029 Gemino
944 992 1113 1038 apposita
1140 995 1238 1039 sunt,
1265 996 1306 1029 ut
1332 993 1434 1029 Posi-

205 1052 302 1088 donii
328 1052 569 1089 definitionem
597 1052 791 1097 suppleret.
843 1052 1012 1097 Apparet
1041 1052 1154 1098 igitur
1184 1052 1291 1088 stoici
1321 1054 1435 1089 verba

203 1123 286 1158 pag.
319 1115 398 1152 176,
422 1117 517 1145 6-17
545 1123 589 1148 ex
615 1112 739 1148 eodem
765 1111 857 1148 libro
885 1112 1098 1157 deprompta
1121 1122 1201 1148 esse
1228 1114 1337 1157 atque
1364 1111 1434 1149 Ge-

205 1171 293 1206 mini
327 1172 679 1217 commentationem,
714 1182 806 1216 quae
839 1182 947 1217 pagg.
987 1174 1066 1216 176,
1086 1177 1168 1205 18-
1187 1174 1265 1217 177,
1280 1176 1319 1205 23
1353 1173 1434 1208 3111)-

204 1230 376 1274 sequitur.

302 1289 404 1335 Quae
423 1300 502 1326 cum
518 1289 573 1325 ita
592 1289 676 1335 sint,
700 1289 747 1325 ad
764 1290 859 1326 hunc
877 1289 982 1325 finem
1001 1288 1221 1334 adducimur,
1240 1289 1302 1334 qui
1318 1292 1435 1335 neque

203 1348 425 1387 labefactari
457 1351 579 1393 potest
611 1351 649 1384 et
679 1349 825 1384 maximi
857 1351 913 1384 est
943 1348 1129 1384 momenti:
1163 1348 1337 1385 Geminus
1368 1350 1436 1385 hoc

202 1408 281 1445 loco
307 1411 347 1444 ut
363 1408 551 1445 Posidonii
574 1408 754 1445 rationem
780 1408 907 1445 habuit
934 1411 1044 1453 atque
1070 1409 1116 1444 ab
1144 1418 1185 1444 eo
1212 1408 1354 1445 initium
1379 1420 1435 1445 re-

203 1468 351 1512 petivit,
387 1468 444 1503 ita
474 1471 602 1504 contra
636 1479 715 1504 eum
747 1468 963 1512 disputavit,
1001 1468 1032 1503 si
1066 1467 1150 1512 quid
1185 1467 1302 1504 minus
1335 1473 1436 1506 recte

204 1526 445 1571 disceptatum
478 1537 557 1563 esse
594 1530 769 1563 censeret.
820 1526 1052 1562 Posidonium
1089 1530 1227 1572 autem,
1262 1527 1324 1571 (1111
1358 1528 1437 1564 31116

203 1586 280 1622 11113
305 1588 397 1622 nota
423 1586 497 1623 solo
523 1586 664 1622 nomine
683 1586 896 1632 appelletur,
923 1596 1004 1622 esse
1030 1585 1184 1622 stoicum
1210 1586 1309 1621 illum
1335 1587 1436 1632 Apa-

204 1655 372 1690 mensem,
405 1645 476 1681 etsi
506 1645 616 1681 facile
649 1645 815 1690 conicias,
849 1645 945 1680 infra
979 1644 1083 1681 brevi
1118 1645 1437 1682 demonstrabitur.

302 1704 392 1739 Tum
419 1703 509 1739 artis
536 1704 717 1739 vocabula
741 1703 778 1738 in
803 1702 992 1748 principiis
1020 1702 1232 1739 definiendis
1260 1704 1437 1750 adhibita,

204 1773 295 1808 quae
313 1774 420 1809 pagg.
444 1765 584 1809 77,2-6
614 1766 651 1800 et
674 1765 779 1809 194,1
808 1773 825 1799 s
843 1762 887 1799 ad
918 1762 1052 1799 stoicos
1070 1762 1286 1809 referuntur,
1312 1764 1436 1809 procul

204 1822 310 1858 dubio
342 1834 364 1858 a
391 1822 542 1859 Gemino
568 1823 712 1868 prolata
739 1825 853 1868 erant,
886 1823 970 1867 quia
995 1823 1101 1859 huius
1129 1826 1254 1859 sectae
1279 1824 1436 1868 philoso-

203 1881 265 1926 phi
298 1881 460 1926 profecto
494 1881 531 1917 in
567 1882 619 1917 eis
654 1881 805 1918 ducendi
840 1884 935 1926 sunt,
972 1891 1060 1926 quos
1094 1881 1156 1917 1116
1187 1892 1269 1927 pag.
1310 1886 1435 1929 181,21

203 1941 324 1977 verbis
365 1943 397 1975 οἱ
441 1943 477 1976 δὲ
520 1941 631 1975 πάντα
675 1941 850 1983 ἀξιώματα
888 1940 1204 1985 προςαγορεύουσιν
1241 1940 1436 1988 Significat,

205 2000 276 2036 etsi
310 2000 377 2035 hoc
412 2000 490 2036 loco
524 2001 584 2036 vel
623 2000 784 2036 auctoris
818 2000 877 2036 vel
917 1999 1165 2045 epitomatoris
1199 2000 1436 2046 neglegentia

204 2058 349 2095 nomina
376 2059 511 2095 omissa
538 2062 632 2097 sunt.
671 2058 835 2095 Priorem
861 2062 985 2095 autem
1010 2059 1126 2095 locum
1153 2059 1251 2105 (pag.
1283 2061 1337 2104 77,
1349 2063 1435 2097 2-6)

303 2156 331 2194 *)
351 2156 465 2186 Eadem
485 2157 700 2195 parallelarum
722 2156 987 2186 describendarum
1005 2155 1085 2186 ratio
1101 2155 1266 2186 stoicorum
1281 2156 1436 2186 doctrinae

204 2207 353 2238 tribuitur
374 2207 454 2246 apud
467 2207 501 2238 L.
516 2207 605 2246 Diog.
621 2207 641 2237 1.
655 2207 717 2237 VII
740 2216 764 2237 c.
779 2207 817 2237 83
838 2207 855 2246 ἓ
873 2207 944 2237 155:
966 2205 1103 2245 λέγονται
1127 2204 1159 2235 δὲ
1180 2231 1187 2238 .
1205 2232 1210 2238 .
1227 2232 1234 2239 .
1255 2204 1436 2247 παράλληλοι

204 2258 244 2295 (οἱ
259 2256 380 2296 κύκλοι),
402 2256 514 2285 καθότι
536 2257 570 2285 οὐ
593 2257 780 2285 συννεύουσιν
793 2258 832 2287 εἰς
846 2255 988 2293 ἀλλήλους
1000 2268 1005 2274 ·
1017 2257 1183 2296 γράφονται
1196 2259 1300 2294 μέντοι
1314 2258 1380 2294 περὶ
1401 2255 1437 2285 τὸ

204 2306 279 2335 αὐτὸ
300 2308 433 2347 κέντρον.

1221 2357 1240 2386 3
